tag60_unix_nanoseconds,tag60,tag75,bid_01_price,bid_02_price,bid_03_price,bid_04_price,bid_05_price,bid_06_price,bid_07_price,bid_08_price,bid_09_price,bid_10_price,bid_11_price,bid_01_qty,bid_02_qty,bid_03_qty,bid_04_qty,bid_05_qty,bid_06_qty,bid_07_qty,bid_08_qty,bid_09_qty,bid_10_qty,bid_11_qty,ask_01_price,ask_02_price,ask_03_price,ask_04_price,ask_05_price,ask_06_price,ask_07_price,ask_08_price,ask_09_price,ask_10_price,ask_11_price,ask_01_qty,ask_02_qty,ask_03_qty,ask_04_qty,ask_05_qty,ask_06_qty,ask_07_qty,ask_08_qty,ask_09_qty,ask_10_qty,ask_11_qty
1577370600000000000,20191226143000000000000,20191226,387.75,387.5,387.25,387,386.75,386.5,386.25,386,385.75,385.5,385.25,68,183,55,180,47,247,79,283,251,167,147,388,388.25,388.5,388.75,389,389.25,389.5,389.75,390,390.25,390.5,74,65,36,67,171,75,106,164,345,190,1456
1577370610000049957,20191226143010000049957,20191226,388,387.75,387.5,387.25,387,386.75,386.5,386.25,386,385.75,385.5,172,128,219,102,186,65,251,97,287,251,173,388.25,388.5,388.75,389,389.25,389.5,389.75,390,390.25,390.5,390.75,21,93,99,187,101,125,168,345,194,1456,124
1577370620001769305,20191226143020001769305,20191226,388.5,388.25,388,387.75,387.5,387.25,387,386.75,386.5,386.25,386,143,71,104,128,220,183,187,71,251,103,297,388.75,389,389.25,389.5,389.75,390,390.25,390.5,390.75,391,391.25,50,150,96,126,168,344,194,1454,124,1150,110
1577370630006162017,20191226143030006162017,20191226,388.5,388.25,388,387.75,387.5,387.25,387,386.75,386.5,386.25,386,113,90,148,144,216,183,187,71,231,103,297,388.75,389,389.25,389.5,389.75,390,390.25,390.5,390.75,391,391.25,37,152,96,126,169,343,194,1454,124,1150,110
1577370640481750615,20191226143040481750615,20191226,388.5,388.25,388,387.75,387.5,387.25,387,386.75,386.5,386.25,386,186,76,158,127,199,183,188,71,231,103,297,388.75,389,389.25,389.5,389.75,390,390.25,390.5,390.75,391,391.25,46,152,99,126,169,343,194,1454,124,1150,110
1577370650006424577,20191226143050006424577,20191226,388.5,388.25,388,387.75,387.5,387.25,387,386.75,386.5,386.25,386,224,85,128,127,199,183,188,71,231,103,297,388.75,389,389.25,389.5,389.75,390,390.25,390.5,390.75,391,391.25,42,152,78,128,169,343,195,1454,124,1150,110
1577370660084013775,20191226143100084013775,20191226,388,387.75,387.5,387.25,387,386.75,386.5,386.25,386,385.75,385.5,158,104,189,183,188,71,231,103,298,251,174,388.25,388.5,388.75,389,389.25,389.5,389.75,390,390.25,390.5,390.75,19,110,214,195,88,128,171,343,195,1455,124
1577370670059310495,20191226143110059310495,20191226,388.5,388.25,388,387.75,387.5,387.25,387,386.75,386.5,386.25,386,15,238,133,178,236,220,225,106,268,144,335,388.75,389,389.25,389.5,389.75,390,390.25,390.5,390.75,391,391.25,221,190,115,164,208,383,232,1496,162,1190,147
1577370680000507899,20191226143120000507899,20191226,388.5,388.25,388,387.75,387.5,387.25,387,386.75,386.5,386.25,386,5,124,154,179,236,220,225,105,268,144,335,388.75,389,389.25,389.5,389.75,390,390.25,390.5,390.75,391,391.25,237,190,120,173,217,392,232,1496,162,1190,147
1577370690440997511,20191226143130440997511,20191226,388.25,388,387.75,387.5,387.25,387,386.75,386.5,386.25,386,385.75,82,175,168,237,221,226,106,269,145,336,292,388.5,388.75,389,389.25,389.5,389.75,390,390.25,390.5,390.75,391,43,108,218,131,174,218,386,233,1497,163,1191
1577370700500137977,20191226143140500137977,20191226,388.5,388.25,388,387.75,387.5,387.25,387,386.75,386.5,386.25,386,33,128,212,177,237,221,226,106,269,145,336,388.75,389,389.25,389.5,389.75,390,390.25,390.5,390.75,391,391.25,237,193,121,174,218,587,233,1497,163,1191,150
1577370710076806411,20191226143150076806411,20191226,388.5,388.25,388,387.75,387.5,387.25,387,386.75,386.5,386.25,386,103,146,195,197,129,221,226,106,269,145,336,388.75,389,389.25,389.5,389.75,390,390.25,390.5,390.75,391,391.25,53,194,121,174,218,587,233,1497,163,1191,150
1577370720028484433,20191226143200028484433,20191226,388.5,388.25,388,387.75,387.5,387.25,387,386.75,386.5,386.25,386,54,151,197,197,129,221,226,106,269,145,336,388.75,389,389.25,389.5,389.75,390,390.25,390.5,390.75,391,391.25,200,194,121,174,218,587,233,1497,163,1191,150
1577370730619913689,20191226143210619913689,20191226,388.5,388.25,388,387.75,387.5,387.25,387,386.75,386.5,386.25,386,52,151,171,197,129,220,227,106,269,145,336,388.75,389,389.25,389.5,389.75,390,390.25,390.5,390.75,391,391.25,197,194,121,174,218,587,233,1497,163,1191,150
1577370740621653617,20191226143220621653617,20191226,388.5,388.25,388,387.75,387.5,387.25,387,386.75,386.5,386.25,386,33,148,173,197,133,220,227,106,269,145,336,388.75,389,389.25,389.5,389.75,390,390.25,390.5,390.75,391,391.25,191,195,121,174,218,587,233,1497,163,1191,150
1577370750635579817,20191226143230635579817,20191226,388.25,388,387.75,387.5,387.25,387,386.75,386.5,386.25,386,385.75,131,159,187,133,220,227,106,269,145,336,292,388.5,388.75,389,389.25,389.5,389.75,390,390.25,390.5,390.75,391,27,111,220,131,174,219,587,233,1497,163,1191
1577370760227726317,20191226143240227726317,20191226,388.25,388,387.75,387.5,387.25,387,386.75,386.5,386.25,386,385.75,110,159,187,133,221,227,106,269,145,336,292,388.5,388.75,389,389.25,389.5,389.75,390,390.25,390.5,390.75,391,53,109,223,131,174,219,587,233,1497,163,1191
1577370770040585973,20191226143250040585973,20191226,388.25,388,387.75,387.5,387.25,387,386.75,386.5,386.25,386,385.75,111,160,187,133,221,227,106,169,145,336,292,388.5,388.75,389,389.25,389.5,389.75,390,390.25,390.5,390.75,391,69,109,262,131,174,219,587,233,1497,163,1191
1577370780001126141,20191226143300001126141,20191226,388.5,388.25,388,387.75,387.5,387.25,387,386.75,386.5,386.25,386,61,139,182,197,133,221,327,106,169,245,336,388.75,389,389.25,389.5,389.75,390,390.25,390.5,390.75,391,391.25,46,237,121,174,219,587,233,1497,163,1191,150
1577370790553806611,20191226143310553806611,20191226,388.75,388.5,388.25,388,387.75,387.5,387.25,387,386.75,386.5,386.25,76,106,163,209,198,134,205,326,106,169,245,389,389.25,389.5,389.75,390,390.25,390.5,390.75,391,391.25,391.5,148,95,165,220,586,232,1497,161,1191,150,186
1577370800682721681,20191226143320682721681,20191226,388.75,388.5,388.25,388,387.75,387.5,387.25,387,386.75,386.5,386.25,122,109,163,213,198,134,205,328,106,169,245,389,389.25,389.5,389.75,390,390.25,390.5,390.75,391,391.25,391.5,152,95,165,218,606,232,1497,161,1191,150,186
1577370810683619409,20191226143330683619409,20191226,388.75,388.5,388.25,388,387.75,387.5,387.25,387,386.75,386.5,386.25,53,112,172,222,203,143,210,337,117,178,245,389,389.25,389.5,389.75,390,390.25,390.5,390.75,391,391.25,391.5,257,104,177,228,611,241,1502,170,1191,159,186
1577370820443147153,20191226143340443147153,20191226,388.75,388.5,388.25,388,387.75,387.5,387.25,387,386.75,386.5,386.25,60,116,171,222,203,143,210,337,117,178,245,389,389.25,389.5,389.75,390,390.25,390.5,390.75,391,391.25,391.5,154,107,177,227,611,241,1500,170,1191,159,186
1577370830053788103,20191226143350053788103,20191226,388.75,388.5,388.25,388,387.75,387.5,387.25,387,386.75,386.5,386.25,47,264,149,222,203,143,210,336,117,178,245,389,389.25,389.5,389.75,390,390.25,390.5,390.75,391,391.25,391.5,371,104,177,219,611,241,1500,170,1191,159,186
1577370840256701417,20191226143400256701417,20191226,388.5,388.25,388,387.75,387.5,387.25,387,386.75,386.5,386.25,386,89,144,208,203,143,210,336,117,178,245,345,388.75,389,389.25,389.5,389.75,390,390.25,390.5,390.75,391,391.25,129,212,131,187,224,612,246,1500,170,1191,165
1577370850460297971,20191226143410460297971,20191226,388.75,388.5,388.25,388,387.75,387.5,387.25,387,386.75,386.5,386.25,17,108,169,228,203,143,210,337,118,179,245,389,389.25,389.5,389.75,390,390.25,390.5,390.75,391,391.25,391.5,276,109,177,224,612,246,1500,170,1191,165,186
1577370860594772175,20191226143420594772175,20191226,388.75,388.5,388.25,388,387.75,387.5,387.25,387,386.75,386.5,386.25,95,110,179,228,203,143,210,337,118,179,245,389,389.25,389.5,389.75,390,390.25,390.5,390.75,391,391.25,391.5,144,110,176,223,612,247,1500,170,1191,165,186
1577370870160193093,20191226143430160193093,20191226,388.75,388.5,388.25,388,387.75,387.5,387.25,387,386.75,386.5,386.25,50,110,179,228,203,143,210,337,118,179,245,389,389.25,389.5,389.75,390,390.25,390.5,390.75,391,391.25,391.5,149,110,176,222,612,247,1500,170,1192,165,186
1577370880289894917,20191226143440289894917,20191226,388.25,388,387.75,387.5,387.25,387,386.75,386.5,386.25,386,385.75,106,186,188,143,210,338,118,179,245,345,292,388.5,388.75,389,389.25,389.5,389.75,390,390.25,390.5,390.75,391,61,145,230,152,186,222,612,247,1500,170,1192
1577370890502582781,20191226143450502582781,20191226,388.25,388,387.75,387.5,387.25,387,386.75,386.5,386.25,386,385.75,66,186,188,143,230,318,118,179,245,345,292,388.5,388.75,389,389.25,389.5,389.75,390,390.25,390.5,390.75,391,68,146,232,153,173,233,612,247,1500,170,1192
1577370900004514121,20191226143500004514121,20191226,388.25,388,387.75,387.5,387.25,387,386.75,386.5,386.25,386,385.75,94,186,193,144,230,320,121,183,247,343,296,388.5,388.75,389,389.25,389.5,389.75,390,390.25,390.5,390.75,391,67,145,231,153,177,235,613,251,1502,172,1196
1577370910011058457,20191226143510011058457,20191226,388.5,388.25,388,387.75,387.5,387.25,387,386.75,386.5,386.25,386,68,130,218,202,144,230,320,122,182,245,342,388.75,389,389.25,389.5,389.75,390,390.25,390.5,390.75,391,391.25,85,209,144,318,235,613,250,1500,170,1192,165
1577370920670782871,20191226143520670782871,20191226,388.5,388.25,388,387.75,387.5,387.25,387,386.75,386.5,386.25,386,71,128,248,182,144,230,320,122,182,245,342,388.75,389,389.25,389.5,389.75,390,390.25,390.5,390.75,391,391.25,69,209,144,318,235,613,250,1500,170,1192,165
1577370930790383727,20191226143530790383727,20191226,388.25,388,387.75,387.5,387.25,387,386.75,386.5,386.25,386,385.75,115,216,212,144,212,320,123,182,245,344,292,388.5,388.75,389,389.25,389.5,389.75,390,390.25,390.5,390.75,391,59,174,229,153,319,235,614,250,1500,172,1192
1577370940001338497,20191226143540001338497,20191226,388,387.75,387.5,387.25,387,386.75,386.5,386.25,386,385.75,385.5,207,165,154,212,320,124,182,245,344,292,221,388.25,388.5,388.75,389,389.25,389.5,389.75,390,390.25,390.5,390.75,136,242,181,240,153,358,245,614,250,1500,172
1577370950145954735,20191226143550145954735,20191226,388,387.75,387.5,387.25,387,386.75,386.5,386.25,386,385.75,385.5,128,171,161,214,322,121,184,247,346,295,223,388.25,388.5,388.75,389,389.25,389.5,389.75,390,390.25,390.5,390.75,180,149,196,243,155,361,247,617,252,1502,174
1577370960185628757,20191226143600185628757,20191226,388,387.75,387.5,387.25,387,386.75,386.5,386.25,386,385.75,385.5,128,151,162,220,342,121,184,247,346,295,231,388.25,388.5,388.75,389,389.25,389.5,389.75,390,390.25,390.5,390.75,196,149,147,253,155,381,247,617,252,1502,174
1577370970016258217,20191226143610016258217,20191226,388,387.75,387.5,387.25,387,386.75,386.5,386.25,386,385.75,385.5,127,149,138,216,357,121,184,246,346,295,231,388.25,388.5,388.75,389,389.25,389.5,389.75,390,390.25,390.5,390.75,204,139,147,253,155,381,247,617,252,1502,174
1577370980021963089,20191226143620021963089,20191226,387.5,387.25,387,386.75,386.5,386.25,386,385.75,385.5,385.25,385,74,178,348,120,185,247,344,295,231,195,823,387.75,388,388.25,388.5,388.75,389,389.25,389.5,389.75,390,390.25,163,261,185,181,176,260,162,381,247,617,252
1577370990237448507,20191226143630237448507,20191226,387.5,387.25,387,386.75,386.5,386.25,386,385.75,385.5,385.25,385,226,178,348,120,185,247,344,295,231,195,823,387.75,388,388.25,388.5,388.75,389,389.25,389.5,389.75,390,390.25,28,336,166,182,178,259,162,381,247,617,252
1577371000134764961,20191226143640134764961,20191226,387.5,387.25,387,386.75,386.5,386.25,386,385.75,385.5,385.25,385,65,183,359,125,190,247,344,295,231,195,823,387.75,388,388.25,388.5,388.75,389,389.25,389.5,389.75,390,390.25,115,252,123,179,178,259,162,381,247,617,252
1577371010636030175,20191226143650636030175,20191226,387.5,387.25,387,386.75,386.5,386.25,386,385.75,385.5,385.25,385,126,109,440,125,190,252,349,300,231,195,823,387.75,388,388.25,388.5,388.75,389,389.25,389.5,389.75,390,390.25,97,249,119,179,178,304,162,381,247,617,252
1577371020009807297,20191226143700009807297,20191226,387.75,387.5,387.25,387,386.75,386.5,386.25,386,385.75,385.5,385.25,118,145,128,409,165,190,252,349,300,231,195,388,388.25,388.5,388.75,389,389.25,389.5,389.75,390,390.25,390.5,69,100,181,156,304,207,426,247,617,252,1502
1577371030309801683,20191226143710309801683,20191226,387.75,387.5,387.25,387,386.75,386.5,386.25,386,385.75,385.5,385.25,107,152,128,449,165,190,253,349,301,231,195,388,388.25,388.5,388.75,389,389.25,389.5,389.75,390,390.25,390.5,75,100,181,181,282,207,426,292,662,252,1502
1577371040239927203,20191226143720239927203,20191226,388,387.75,387.5,387.25,387,386.75,386.5,386.25,386,385.75,385.5,114,127,186,139,449,166,190,253,349,301,231,388.25,388.5,388.75,389,389.25,389.5,389.75,390,390.25,390.5,390.75,44,160,176,329,193,418,285,662,252,1502,174
1577371050455093711,20191226143730455093711,20191226,388,387.75,387.5,387.25,387,386.75,386.5,386.25,386,385.75,385.5,173,124,185,148,460,176,190,253,350,301,231,388.25,388.5,388.75,389,389.25,389.5,389.75,390,390.25,390.5,390.75,41,145,159,332,177,418,285,662,252,1502,174
1577371060584943645,20191226143740584943645,20191226,388,387.75,387.5,387.25,387,386.75,386.5,386.25,386,385.75,385.5,122,126,287,148,358,176,190,253,350,301,231,388.25,388.5,388.75,389,389.25,389.5,389.75,390,390.25,390.5,390.75,57,148,281,422,267,508,285,662,252,1502,174
1577371070949183375,20191226143750949183375,20191226,388,387.75,387.5,387.25,387,386.75,386.5,386.25,386,385.75,385.5,275,127,295,147,358,176,190,253,350,301,231,388.25,388.5,388.75,389,389.25,389.5,389.75,390,390.25,390.5,390.75,49,152,281,418,267,508,375,752,252,1502,174
1577371080953547023,20191226143800953547023,20191226,388,387.75,387.5,387.25,387,386.75,386.5,386.25,386,385.75,385.5,282,137,295,147,358,176,190,265,350,313,231,388.25,388.5,388.75,389,389.25,389.5,389.75,390,390.25,390.5,390.75,44,156,281,418,267,508,375,764,252,1514,174
1577371090587217197,20191226143810587217197,20191226,388,387.75,387.5,387.25,387,386.75,386.5,386.25,386,385.75,385.5,284,136,294,147,358,176,190,265,350,314,231,388.25,388.5,388.75,389,389.25,389.5,389.75,390,390.25,390.5,390.75,51,155,281,418,267,508,375,764,252,1514,174
1577371100587903575,20191226143820587903575,20191226,388,387.75,387.5,387.25,387,386.75,386.5,386.25,386,385.75,385.5,41,135,294,147,358,176,190,265,350,314,231,388.25,388.5,388.75,389,389.25,389.5,389.75,390,390.25,390.5,390.75,133,155,281,418,267,508,375,768,252,1514,174
1577371110217107267,20191226143830217107267,20191226,387.75,387.5,387.25,387,386.75,386.5,386.25,386,385.75,385.5,385.25,64,271,137,358,176,190,265,350,314,231,208,388,388.25,388.5,388.75,389,389.25,389.5,389.75,390,390.25,390.5,71,160,180,301,418,267,508,375,768,252,1514
1577371120355856509,20191226143840355856509,20191226,388,387.75,387.5,387.25,387,386.75,386.5,386.25,386,385.75,385.5,39,131,303,151,357,175,190,265,350,312,230,388.25,388.5,388.75,389,389.25,389.5,389.75,390,390.25,390.5,390.75,91,144,281,418,267,512,374,768,252,1514,172
1577371131027882487,20191226143851027882487,20191226,388,387.75,387.5,387.25,387,386.75,386.5,386.25,386,385.75,385.5,237,131,314,151,357,175,190,265,352,314,232,388.25,388.5,388.75,389,389.25,389.5,389.75,390,390.25,390.5,390.75,46,176,281,418,267,474,374,768,252,1516,174
1577371140053324193,20191226143900053324193,20191226,388,387.75,387.5,387.25,387,386.75,386.5,386.25,386,385.75,385.5,56,137,314,151,357,175,190,265,352,314,232,388.25,388.5,388.75,389,389.25,389.5,389.75,390,390.25,390.5,390.75,55,177,258,413,267,474,374,768,252,1516,174
1577371150751683153,20191226143910751683153,20191226,388,387.75,387.5,387.25,387,386.75,386.5,386.25,386,385.75,385.5,205,137,315,151,357,175,190,265,352,314,232,388.25,388.5,388.75,389,389.25,389.5,389.75,390,390.25,390.5,390.75,42,183,283,414,267,474,379,753,252,1516,174
1577371160165312029,20191226143920165312029,20191226,388,387.75,387.5,387.25,387,386.75,386.5,386.25,386,385.75,385.5,39,141,325,152,357,175,190,265,352,314,232,388.25,388.5,388.75,389,389.25,389.5,389.75,390,390.25,390.5,390.75,66,177,283,414,267,474,379,753,252,1516,174
1577371170339085795,20191226143930339085795,20191226,388,387.75,387.5,387.25,387,386.75,386.5,386.25,386,385.75,385.5,31,141,324,155,357,175,190,265,352,314,232,388.25,388.5,388.75,389,389.25,389.5,389.75,390,390.25,390.5,390.75,86,177,283,414,267,474,379,753,252,1516,174
1577371180303772725,20191226143940303772725,20191226,387.75,387.5,387.25,387,386.75,386.5,386.25,386,385.75,385.5,385.25,65,299,142,357,175,190,265,352,314,232,212,388,388.25,388.5,388.75,389,389.25,389.5,389.75,390,390.25,390.5,99,141,210,301,412,267,474,379,753,252,1516
1577371190504602991,20191226143950504602991,20191226,387.75,387.5,387.25,387,386.75,386.5,386.25,386,385.75,385.5,385.25,60,299,142,357,181,200,265,352,314,232,212,388,388.25,388.5,388.75,389,389.25,389.5,389.75,390,390.25,390.5,89,142,210,300,412,267,474,379,753,252,1516
1577371200010434613,20191226144000010434613,20191226,387.75,387.5,387.25,387,386.75,386.5,386.25,386,385.75,385.5,385.25,112,315,138,357,181,200,265,352,314,232,212,388,388.25,388.5,388.75,389,389.25,389.5,389.75,390,390.25,390.5,84,122,210,300,412,267,474,379,753,252,1516
1577371211091969333,20191226144011091969333,20191226,387.75,387.5,387.25,387,386.75,386.5,386.25,386,385.75,385.5,385.25,116,417,137,357,181,200,265,352,314,232,212,388,388.25,388.5,388.75,389,389.25,389.5,389.75,390,390.25,390.5,87,124,209,300,411,271,474,379,753,252,1516
1577371220634844795,20191226144020634844795,20191226,387.5,387.25,387,386.75,386.5,386.25,386,385.75,385.5,385.25,385,529,135,363,197,224,265,352,314,232,212,828,387.75,388,388.25,388.5,388.75,389,389.25,389.5,389.75,390,390.25,38,151,139,220,300,411,270,474,379,753,254
1577371230298193953,20191226144030298193953,20191226,387.75,387.5,387.25,387,386.75,386.5,386.25,386,385.75,385.5,385.25,73,417,149,356,181,208,265,352,314,232,212,388,388.25,388.5,388.75,389,389.25,389.5,389.75,390,390.25,390.5,105,122,210,300,411,270,474,379,753,254,1516
1577371240553134657,20191226144040553134657,20191226,387.75,387.5,387.25,387,386.75,386.5,386.25,386,385.75,385.5,385.25,44,421,163,382,195,222,265,366,314,246,212,388,388.25,388.5,388.75,389,389.25,389.5,389.75,390,390.25,390.5,106,134,228,314,425,284,488,393,753,268,1516
1577371250180726655,20191226144050180726655,20191226,387.75,387.5,387.25,387,386.75,386.5,386.25,386,385.75,385.5,385.25,29,422,162,381,195,222,265,366,314,246,212,388,388.25,388.5,388.75,389,389.25,389.5,389.75,390,390.25,390.5,282,134,227,314,426,283,488,393,753,268,1516
1577371260396667853,20191226144100396667853,20191226,387.5,387.25,387,386.75,386.5,386.25,386,385.75,385.5,385.25,385,556,137,371,201,222,265,366,314,246,212,842,387.75,388,388.25,388.5,388.75,389,389.25,389.5,389.75,390,390.25,13,213,161,238,314,426,283,488,393,753,268
1577371270309173241,20191226144110309173241,20191226,387.75,387.5,387.25,387,386.75,386.5,386.25,386,385.75,385.5,385.25,36,420,164,381,201,222,265,366,314,246,212,388,388.25,388.5,388.75,389,389.25,389.5,389.75,390,390.25,390.5,104,134,227,314,427,283,488,393,753,268,1516
1577371280760547571,20191226144120760547571,20191226,387.75,387.5,387.25,387,386.75,386.5,386.25,386,385.75,385.5,385.25,114,440,162,380,201,221,266,366,314,246,212,388,388.25,388.5,388.75,389,389.25,389.5,389.75,390,390.25,390.5,90,134,226,314,427,283,488,393,753,268,1516
1577371290382760241,20191226144130382760241,20191226,387.75,387.5,387.25,387,386.75,386.5,386.25,386,385.75,385.5,385.25,114,473,165,383,204,224,269,368,320,249,216,388,388.25,388.5,388.75,389,389.25,389.5,389.75,390,390.25,390.5,101,137,229,321,430,286,491,396,760,271,1519
1577371301201290175,20191226144141201290175,20191226,387.75,387.5,387.25,387,386.75,386.5,386.25,386,385.75,385.5,385.25,117,478,165,383,204,224,269,368,320,249,216,388,388.25,388.5,388.75,389,389.25,389.5,389.75,390,390.25,390.5,101,137,229,321,430,286,491,396,760,271,1519
1577371311202006631,20191226144151202006631,20191226,387.75,387.5,387.25,387,386.75,386.5,386.25,386,385.75,385.5,385.25,118,473,161,384,204,224,269,368,320,249,216,388,388.25,388.5,388.75,389,389.25,389.5,389.75,390,390.25,390.5,99,157,229,321,430,286,491,396,760,271,1519
1577371320707324273,20191226144200707324273,20191226,387.75,387.5,387.25,387,386.75,386.5,386.25,386,385.75,385.5,385.25,104,492,161,384,204,224,269,368,320,249,216,388,388.25,388.5,388.75,389,389.25,389.5,389.75,390,390.25,390.5,103,138,229,321,430,286,491,396,760,271,1519
1577371330851306767,20191226144210851306767,20191226,387.75,387.5,387.25,387,386.75,386.5,386.25,386,385.75,385.5,385.25,113,495,162,384,204,224,269,368,320,249,216,388,388.25,388.5,388.75,389,389.25,389.5,389.75,390,390.25,390.5,91,138,229,321,430,286,491,396,760,271,1519
1577371340016152159,20191226144220016152159,20191226,387.5,387.25,387,386.75,386.5,386.25,386,385.75,385.5,385.25,385,677,136,375,204,224,269,368,320,249,216,844,387.75,388,388.25,388.5,388.75,389,389.25,389.5,389.75,390,390.25,42,166,161,240,321,430,286,491,396,760,271
1577371350173537723,20191226144230173537723,20191226,387.75,387.5,387.25,387,386.75,386.5,386.25,386,385.75,385.5,385.25,31,486,161,384,204,224,279,368,320,249,216,388,388.25,388.5,388.75,389,389.25,389.5,389.75,390,390.25,390.5,273,138,230,321,430,286,491,396,760,271,1519
1577371360478464245,20191226144240478464245,20191226,387.75,387.5,387.25,387,386.75,386.5,386.25,386,385.75,385.5,385.25,32,488,159,384,204,224,279,368,320,249,216,388,388.25,388.5,388.75,389,389.25,389.5,389.75,390,390.25,390.5,111,137,229,321,430,286,491,396,760,271,1519
1577371370056369855,20191226144250056369855,20191226,387.75,387.5,387.25,387,386.75,386.5,386.25,386,385.75,385.5,385.25,107,487,155,385,204,224,279,368,320,249,216,388,388.25,388.5,388.75,389,389.25,389.5,389.75,390,390.25,390.5,87,147,239,321,430,286,491,396,760,271,1519
1577371380572415947,20191226144300572415947,20191226,387.75,387.5,387.25,387,386.75,386.5,386.25,386,385.75,385.5,385.25,119,538,155,384,204,224,279,368,320,249,216,388,388.25,388.5,388.75,389,389.25,389.5,389.75,390,390.25,390.5,97,137,231,322,430,286,491,396,760,271,1519
1577371391034009121,20191226144311034009121,20191226,387.75,387.5,387.25,387,386.75,386.5,386.25,386,385.75,385.5,385.25,98,538,145,384,204,224,279,368,320,249,216,388,388.25,388.5,388.75,389,389.25,389.5,389.75,390,390.25,390.5,99,137,230,322,432,286,491,396,760,271,1519
1577371400387604855,20191226144320387604855,20191226,387.75,387.5,387.25,387,386.75,386.5,386.25,386,385.75,385.5,385.25,100,538,150,384,204,224,279,368,320,249,216,388,388.25,388.5,388.75,389,389.25,389.5,389.75,390,390.25,390.5,95,137,231,321,432,286,491,396,760,271,1519
1577371411320310757,20191226144331320310757,20191226,387.75,387.5,387.25,387,386.75,386.5,386.25,386,385.75,385.5,385.25,95,438,150,384,204,224,279,368,320,249,216,388,388.25,388.5,388.75,389,389.25,389.5,389.75,390,390.25,390.5,107,137,231,321,432,286,491,396,760,271,1519
1577371420191534691,20191226144340191534691,20191226,387.5,387.25,387,386.75,386.5,386.25,386,385.75,385.5,385.25,385,605,131,374,204,224,279,368,320,249,216,845,387.75,388,388.25,388.5,388.75,389,389.25,389.5,389.75,390,390.25,47,289,160,241,321,432,286,491,396,760,271
1577371430446274369,20191226144350446274369,20191226,387.5,387.25,387,386.75,386.5,386.25,386,385.75,385.5,385.25,385,605,131,374,204,229,279,368,320,249,216,845,387.75,388,388.25,388.5,388.75,389,389.25,389.5,389.75,390,390.25,66,170,160,245,320,432,286,491,396,760,271
1577371440058071143,20191226144400058071143,20191226,387.5,387.25,387,386.75,386.5,386.25,386,385.75,385.5,385.25,385,605,131,374,204,229,279,368,320,249,217,845,387.75,388,388.25,388.5,388.75,389,389.25,389.5,389.75,390,390.25,73,174,160,245,320,432,286,491,396,760,271
1577371451141433001,20191226144411141433001,20191226,387.5,387.25,387,386.75,386.5,386.25,386,385.75,385.5,385.25,385,560,131,374,204,229,279,368,320,249,217,845,387.75,388,388.25,388.5,388.75,389,389.25,389.5,389.75,390,390.25,141,174,160,245,320,434,286,491,396,779,271
1577371460834593349,20191226144420834593349,20191226,387.5,387.25,387,386.75,386.5,386.25,386,385.75,385.5,385.25,385,568,131,374,204,229,279,368,320,249,217,845,387.75,388,388.25,388.5,388.75,389,389.25,389.5,389.75,390,390.25,59,174,160,245,320,434,286,491,396,779,271
1577371470674776971,20191226144430674776971,20191226,387.75,387.5,387.25,387,386.75,386.5,386.25,386,385.75,385.5,385.25,50,404,151,386,204,229,279,368,320,249,216,388,388.25,388.5,388.75,389,389.25,389.5,389.75,390,390.25,390.5,112,138,240,320,434,286,491,396,779,271,1519
1577371480001600095,20191226144440001600095,20191226,387.75,387.5,387.25,387,386.75,386.5,386.25,386,385.75,385.5,385.25,31,406,153,385,204,229,279,368,316,249,216,388,388.25,388.5,388.75,389,389.25,389.5,389.75,390,390.25,390.5,188,149,240,320,434,286,491,396,779,271,1519
1577371490723051273,20191226144450723051273,20191226,387.5,387.25,387,386.75,386.5,386.25,386,385.75,385.5,385.25,385,578,132,376,205,229,279,368,316,249,216,845,387.75,388,388.25,388.5,388.75,389,389.25,389.5,389.75,390,390.25,28,188,181,250,321,433,286,491,396,779,271
1577371500006308027,20191226144500006308027,20191226,387.5,387.25,387,386.75,386.5,386.25,386,385.75,385.5,385.25,385,573,133,376,205,229,279,368,316,249,216,845,387.75,388,388.25,388.5,388.75,389,389.25,389.5,389.75,390,390.25,54,189,180,249,321,433,286,491,396,779,271
1577371510813773267,20191226144510813773267,20191226,387.75,387.5,387.25,387,386.75,386.5,386.25,386,385.75,385.5,385.25,103,416,160,386,205,229,279,368,316,249,216,388,388.25,388.5,388.75,389,389.25,389.5,389.75,390,390.25,390.5,106,154,241,321,433,286,491,396,779,271,1519
1577371520302349261,20191226144520302349261,20191226,387.75,387.5,387.25,387,386.75,386.5,386.25,386,385.75,385.5,385.25,226,414,160,385,205,229,279,368,316,249,216,388,388.25,388.5,388.75,389,389.25,389.5,389.75,390,390.25,390.5,76,156,241,321,433,286,491,392,779,271,1519
1577371530900500641,20191226144530900500641,20191226,387.75,387.5,387.25,387,386.75,386.5,386.25,386,385.75,385.5,385.25,115,417,160,385,205,229,279,368,316,249,216,388,388.25,388.5,388.75,389,389.25,389.5,389.75,390,390.25,390.5,102,156,240,321,433,286,491,392,779,271,1519
1577371541358252489,20191226144541358252489,20191226,387.75,387.5,387.25,387,386.75,386.5,386.25,386,385.75,385.5,385.25,122,414,160,385,205,229,279,368,316,249,216,388,388.25,388.5,388.75,389,389.25,389.5,389.75,390,390.25,390.5,112,156,240,321,433,286,491,392,779,271,1519
1577371550377570107,20191226144550377570107,20191226,387.75,387.5,387.25,387,386.75,386.5,386.25,386,385.75,385.5,385.25,122,405,160,385,205,229,279,368,316,249,216,388,388.25,388.5,388.75,389,389.25,389.5,389.75,390,390.25,390.5,127,164,240,321,433,286,491,392,779,271,1519
1577371560081173085,20191226144600081173085,20191226,387.75,387.5,387.25,387,386.75,386.5,386.25,386,385.75,385.5,385.25,116,405,159,385,205,229,279,368,316,249,216,388,388.25,388.5,388.75,389,389.25,389.5,389.75,390,390.25,390.5,124,161,240,321,433,286,491,392,779,271,1519
1577371571046499855,20191226144611046499855,20191226,387.75,387.5,387.25,387,386.75,386.5,386.25,386,385.75,385.5,385.25,115,405,159,385,205,229,279,368,316,249,216,388,388.25,388.5,388.75,389,389.25,389.5,389.75,390,390.25,390.5,123,361,240,321,433,286,491,392,579,271,1519
1577371581159185551,20191226144621159185551,20191226,387.75,387.5,387.25,387,386.75,386.5,386.25,386,385.75,385.5,385.25,110,405,159,385,205,229,279,368,316,249,216,388,388.25,388.5,388.75,389,389.25,389.5,389.75,390,390.25,390.5,181,361,240,321,433,286,491,392,584,271,1514
1577371591503816731,20191226144631503816731,20191226,387.75,387.5,387.25,387,386.75,386.5,386.25,386,385.75,385.5,385.25,123,410,159,385,205,231,279,368,316,249,216,388,388.25,388.5,388.75,389,389.25,389.5,389.75,390,390.25,390.5,92,361,240,322,433,288,491,392,584,271,1514
1577371601460480757,20191226144641460480757,20191226,387.75,387.5,387.25,387,386.75,386.5,386.25,386,385.75,385.5,385.25,57,410,159,385,205,231,279,368,316,249,216,388,388.25,388.5,388.75,389,389.25,389.5,389.75,390,390.25,390.5,186,361,240,322,434,288,491,395,584,271,1514
1577371611131476983,20191226144651131476983,20191226,387.75,387.5,387.25,387,386.75,386.5,386.25,386,385.75,385.5,385.25,120,410,159,385,205,231,279,367,316,249,216,388,388.25,388.5,388.75,389,389.25,389.5,389.75,390,390.25,390.5,102,361,240,322,434,288,491,395,584,271,1514
1577371620030676543,20191226144700030676543,20191226,388,387.75,387.5,387.25,387,386.75,386.5,386.25,386,385.75,385.5,77,315,438,169,385,205,229,279,367,316,249,388.25,388.5,388.75,389,389.25,389.5,389.75,390,390.25,390.5,390.75,375,209,304,434,288,491,395,584,271,1514,191
1577371630702286407,20191226144710702286407,20191226,387.75,387.5,387.25,387,386.75,386.5,386.25,386,385.75,385.5,385.25,330,406,160,385,205,229,294,367,331,249,231,388,388.25,388.5,388.75,389,389.25,389.5,389.75,390,390.25,390.5,44,369,239,322,434,290,491,395,599,271,1529
1577371641273117601,20191226144721273117601,20191226,387.75,387.5,387.25,387,386.75,386.5,386.25,386,385.75,385.5,385.25,132,411,160,386,205,229,294,367,331,249,231,388,388.25,388.5,388.75,389,389.25,389.5,389.75,390,390.25,390.5,124,372,239,322,434,290,491,395,599,271,1529
1577371651213419557,20191226144731213419557,20191226,387.75,387.5,387.25,387,386.75,386.5,386.25,386,385.75,385.5,385.25,136,414,160,385,205,229,294,367,331,249,241,388,388.25,388.5,388.75,389,389.25,389.5,389.75,390,390.25,390.5,124,373,239,322,434,290,491,395,599,273,1529
1577371660828122623,20191226144740828122623,20191226,387.75,387.5,387.25,387,386.75,386.5,386.25,386,385.75,385.5,385.25,136,414,160,386,205,229,294,367,331,249,241,388,388.25,388.5,388.75,389,389.25,389.5,389.75,390,390.25,390.5,124,373,238,322,434,290,491,395,599,273,1529
1577371670694377289,20191226144750694377289,20191226,387.75,387.5,387.25,387,386.75,386.5,386.25,386,385.75,385.5,385.25,323,412,160,386,205,229,294,367,331,249,241,388,388.25,388.5,388.75,389,389.25,389.5,389.75,390,390.25,390.5,40,370,218,300,434,290,491,395,599,273,1529
1577371680165606797,20191226144800165606797,20191226,387.75,387.5,387.25,387,386.75,386.5,386.25,386,385.75,385.5,385.25,135,412,160,386,205,229,294,367,331,249,241,388,388.25,388.5,388.75,389,389.25,389.5,389.75,390,390.25,390.5,110,369,218,300,434,292,491,395,599,273,1529
1577371690419480167,20191226144810419480167,20191226,387.75,387.5,387.25,387,386.75,386.5,386.25,386,385.75,385.5,385.25,152,412,160,386,205,229,294,367,331,249,241,388,388.25,388.5,388.75,389,389.25,389.5,389.75,390,390.25,390.5,112,369,218,300,434,292,491,395,599,273,1529
1577371700947766117,20191226144820947766117,20191226,387.75,387.5,387.25,387,386.75,386.5,386.25,386,385.75,385.5,385.25,276,412,160,386,205,229,294,367,331,249,241,388,388.25,388.5,388.75,389,389.25,389.5,389.75,390,390.25,390.5,105,369,218,300,434,292,491,395,599,275,1529
1577371710951537013,20191226144830951537013,20191226,387.75,387.5,387.25,387,386.75,386.5,386.25,386,385.75,385.5,385.25,129,412,160,305,286,229,294,367,331,249,241,388,388.25,388.5,388.75,389,389.25,389.5,389.75,390,390.25,390.5,113,384,218,300,434,292,491,395,599,275,1529
1577371731218529359,20191226144851218529359,20191226,387.75,387.5,387.25,387,386.75,386.5,386.25,386,385.75,385.5,385.25,125,417,160,305,286,229,294,367,331,249,241,388,388.25,388.5,388.75,389,389.25,389.5,389.75,390,390.25,390.5,118,384,218,300,434,292,491,395,599,275,1529
1577371740225199997,20191226144900225199997,20191226,387.75,387.5,387.25,387,386.75,386.5,386.25,386,385.75,385.5,385.25,122,417,163,309,290,233,298,371,335,253,245,388,388.25,388.5,388.75,389,389.25,389.5,389.75,390,390.25,390.5,135,385,222,304,438,296,495,399,603,279,1533
1577371751214247785,20191226144911214247785,20191226,387.75,387.5,387.25,387,386.75,386.5,386.25,386,385.75,385.5,385.25,135,419,163,309,290,233,298,371,335,253,245,388,388.25,388.5,388.75,389,389.25,389.5,389.75,390,390.25,390.5,123,385,222,305,442,296,495,399,603,279,1533
1577371762060724497,20191226144922060724497,20191226,387.75,387.5,387.25,387,386.75,386.5,386.25,386,385.75,385.5,385.25,134,419,163,309,290,233,298,371,335,253,245,388,388.25,388.5,388.75,389,389.25,389.5,389.75,390,390.25,390.5,124,384,222,305,442,296,495,399,603,279,1533
1577371770428522765,20191226144930428522765,20191226,387.75,387.5,387.25,387,386.75,386.5,386.25,386,385.75,385.5,385.25,105,412,163,309,290,233,298,371,335,253,245,388,388.25,388.5,388.75,389,389.25,389.5,389.75,390,390.25,390.5,139,384,223,305,442,296,495,399,603,279,1533
1577371780833899669,20191226144940833899669,20191226,387.75,387.5,387.25,387,386.75,386.5,386.25,386,385.75,385.5,385.25,130,409,164,309,290,233,298,371,335,253,245,388,388.25,388.5,388.75,389,389.25,389.5,389.75,390,390.25,390.5,125,384,222,305,442,296,495,399,603,279,1533
1577371790952271185,20191226144950952271185,20191226,387.75,387.5,387.25,387,386.75,386.5,386.25,386,385.75,385.5,385.25,205,419,173,309,290,233,298,371,335,253,245,388,388.25,388.5,388.75,389,389.25,389.5,389.75,390,390.25,390.5,123,393,232,305,441,296,495,399,603,279,1533
1577371800500040449,20191226145000500040449,20191226,387.75,387.5,387.25,387,386.75,386.5,386.25,386,385.75,385.5,385.25,350,419,174,309,290,233,298,371,335,253,245,388,388.25,388.5,388.75,389,389.25,389.5,389.75,390,390.25,390.5,39,382,233,306,441,297,495,399,603,280,1533
1577371810688903473,20191226145010688903473,20191226,387.75,387.5,387.25,387,386.75,386.5,386.25,386,385.75,385.5,385.25,358,419,174,309,290,233,298,371,335,253,245,388,388.25,388.5,388.75,389,389.25,389.5,389.75,390,390.25,390.5,38,382,232,305,441,297,495,399,603,280,1533
1577371820268680953,20191226145020268680953,20191226,387.75,387.5,387.25,387,386.75,386.5,386.25,386,385.75,385.5,385.25,358,419,174,309,290,233,298,371,335,253,245,388,388.25,388.5,388.75,389,389.25,389.5,389.75,390,390.25,390.5,37,387,227,305,441,297,495,399,603,280,1533
1577371831767899059,20191226145031767899059,20191226,388,387.75,387.5,387.25,387,386.75,386.5,386.25,386,385.75,385.5,48,229,420,173,308,290,233,298,371,335,253,388.25,388.5,388.75,389,389.25,389.5,389.75,390,390.25,390.5,390.75,390,217,296,442,297,495,399,603,280,1533,195
1577371841093378737,20191226145041093378737,20191226,388,387.75,387.5,387.25,387,386.75,386.5,386.25,386,385.75,385.5,121,228,421,173,308,290,233,298,371,335,253,388.25,388.5,388.75,389,389.25,389.5,389.75,390,390.25,390.5,390.75,338,219,295,443,297,495,399,603,280,1533,195
1577371851970084221,20191226145051970084221,20191226,388,387.75,387.5,387.25,387,386.75,386.5,386.25,386,385.75,385.5,121,229,421,172,308,290,233,298,371,335,253,388.25,388.5,388.75,389,389.25,389.5,389.75,390,390.25,390.5,390.75,352,219,295,447,297,495,399,603,280,1533,195
1577371860562205597,20191226145100562205597,20191226,388,387.75,387.5,387.25,387,386.75,386.5,386.25,386,385.75,385.5,119,229,421,172,308,290,233,298,371,335,253,388.25,388.5,388.75,389,389.25,389.5,389.75,390,390.25,390.5,390.75,354,219,295,447,297,495,399,603,280,1533,195
1577371872205991663,20191226145112205991663,20191226,388,387.75,387.5,387.25,387,386.75,386.5,386.25,386,385.75,385.5,118,229,421,173,308,290,233,298,371,335,253,388.25,388.5,388.75,389,389.25,389.5,389.75,390,390.25,390.5,390.75,355,220,295,447,297,495,399,603,280,1533,195
1577371880492653623,20191226145120492653623,20191226,387.75,387.5,387.25,387,386.75,386.5,386.25,386,385.75,385.5,385.25,371,421,174,308,290,233,298,371,335,253,245,388,388.25,388.5,388.75,389,389.25,389.5,389.75,390,390.25,390.5,76,366,230,304,446,297,495,399,603,280,1533
1577371890191235311,20191226145130191235311,20191226,387.75,387.5,387.25,387,386.75,386.5,386.25,386,385.75,385.5,385.25,123,421,174,308,290,233,298,371,335,253,245,388,388.25,388.5,388.75,389,389.25,389.5,389.75,390,390.25,390.5,139,364,228,305,445,297,495,399,603,280,1533
1577371900017033399,20191226145140017033399,20191226,387.75,387.5,387.25,387,386.75,386.5,386.25,386,385.75,385.5,385.25,124,421,174,308,290,233,298,371,335,253,245,388,388.25,388.5,388.75,389,389.25,389.5,389.75,390,390.25,390.5,144,364,228,305,445,297,496,399,603,280,1533
1577371911309934333,20191226145151309934333,20191226,387.75,387.5,387.25,387,386.75,386.5,386.25,386,385.75,385.5,385.25,121,421,174,308,290,233,298,371,335,253,245,388,388.25,388.5,388.75,389,389.25,389.5,389.75,390,390.25,390.5,150,364,228,305,445,297,496,399,603,280,1533
1577371920594623529,20191226145200594623529,20191226,387.75,387.5,387.25,387,386.75,386.5,386.25,386,385.75,385.5,385.25,120,421,174,308,290,233,298,371,335,253,245,388,388.25,388.5,388.75,389,389.25,389.5,389.75,390,390.25,390.5,149,364,228,305,445,297,496,399,603,280,1533
1577371930129379437,20191226145210129379437,20191226,387.75,387.5,387.25,387,386.75,386.5,386.25,386,385.75,385.5,385.25,123,521,274,308,290,233,298,371,335,253,245,388,388.25,388.5,388.75,389,389.25,389.5,389.75,390,390.25,390.5,164,367,228,306,445,297,496,399,603,280,1533
1577371940625334821,20191226145220625334821,20191226,387.75,387.5,387.25,387,386.75,386.5,386.25,386,385.75,385.5,385.25,188,520,273,308,290,233,298,371,335,253,245,388,388.25,388.5,388.75,389,389.25,389.5,389.75,390,390.25,390.5,159,362,229,309,446,297,496,399,603,280,1533
1577371950781061775,20191226145230781061775,20191226,387.75,387.5,387.25,387,386.75,386.5,386.25,386,385.75,385.5,385.25,135,520,273,389,209,233,298,371,335,253,245,388,388.25,388.5,388.75,389,389.25,389.5,389.75,390,390.25,390.5,160,362,228,309,446,297,496,399,603,280,1533
1577371960831879929,20191226145240831879929,20191226,387.75,387.5,387.25,387,386.75,386.5,386.25,386,385.75,385.5,385.25,136,519,272,390,209,233,298,371,335,253,245,388,388.25,388.5,388.75,389,389.25,389.5,389.75,390,390.25,390.5,158,363,228,309,446,297,496,399,603,280,1533
1577371971020698815,20191226145251020698815,20191226,387.75,387.5,387.25,387,386.75,386.5,386.25,386,385.75,385.5,385.25,136,519,272,390,209,234,297,371,335,253,245,388,388.25,388.5,388.75,389,389.25,389.5,389.75,390,390.25,390.5,159,363,228,309,446,297,496,399,603,280,1533
1577371980091363117,20191226145300091363117,20191226,387.75,387.5,387.25,387,386.75,386.5,386.25,386,385.75,385.5,385.25,133,519,272,390,209,234,297,371,335,253,245,388,388.25,388.5,388.75,389,389.25,389.5,389.75,390,390.25,390.5,159,363,228,309,446,297,496,399,603,330,1533
1577371990233902157,20191226145310233902157,20191226,387.75,387.5,387.25,387,386.75,386.5,386.25,386,385.75,385.5,385.25,121,509,272,390,209,234,297,372,335,253,244,388,388.25,388.5,388.75,389,389.25,389.5,389.75,390,390.25,390.5,159,360,238,315,446,297,496,399,603,330,1533
1577372002078438997,20191226145322078438997,20191226,387.75,387.5,387.25,387,386.75,386.5,386.25,386,385.75,385.5,385.25,104,509,272,390,209,234,297,372,336,252,244,388,388.25,388.5,388.75,389,389.25,389.5,389.75,390,390.25,390.5,150,360,238,309,456,297,496,399,603,330,1533
1577372011291196659,20191226145331291196659,20191226,387.75,387.5,387.25,387,386.75,386.5,386.25,386,385.75,385.5,385.25,157,509,273,390,209,234,297,372,336,252,244,388,388.25,388.5,388.75,389,389.25,389.5,389.75,390,390.25,390.5,150,363,238,309,456,297,506,399,603,330,1533
1577372020040822551,20191226145340040822551,20191226,387.75,387.5,387.25,387,386.75,386.5,386.25,386,385.75,385.5,385.25,159,509,273,388,209,234,297,372,336,252,244,388,388.25,388.5,388.75,389,389.25,389.5,389.75,390,390.25,390.5,148,362,238,309,456,297,506,399,613,330,1533
1577372030111055807,20191226145350111055807,20191226,387.75,387.5,387.25,387,386.75,386.5,386.25,386,385.75,385.5,385.25,172,509,272,388,209,234,297,372,336,253,244,388,388.25,388.5,388.75,389,389.25,389.5,389.75,390,390.25,390.5,150,362,236,309,456,297,486,399,613,330,1543
1577372040566911011,20191226145400566911011,20191226,387.75,387.5,387.25,387,386.75,386.5,386.25,386,385.75,385.5,385.25,148,509,272,388,209,234,297,372,336,253,244,388,388.25,388.5,388.75,389,389.25,389.5,389.75,390,390.25,390.5,187,359,236,306,476,297,486,399,613,330,1543
1577372056016355447,20191226145416016355447,20191226,387.75,387.5,387.25,387,386.75,386.5,386.25,386,385.75,385.5,385.25,129,509,272,388,209,234,297,372,336,253,244,388,388.25,388.5,388.75,389,389.25,389.5,389.75,390,390.25,390.5,186,359,236,306,476,297,486,399,613,330,1543
1577372060162252381,20191226145420162252381,20191226,387.75,387.5,387.25,387,386.75,386.5,386.25,386,385.75,385.5,385.25,80,509,272,388,209,234,297,372,336,253,244,388,388.25,388.5,388.75,389,389.25,389.5,389.75,390,390.25,390.5,188,358,236,305,478,297,486,399,613,330,1543
1577372070049988575,20191226145430049988575,20191226,387.75,387.5,387.25,387,386.75,386.5,386.25,386,385.75,385.5,385.25,84,509,272,388,209,234,297,372,336,253,244,388,388.25,388.5,388.75,389,389.25,389.5,389.75,390,390.25,390.5,185,359,236,305,478,297,486,399,613,330,1543
1577372080100814023,20191226145440100814023,20191226,387.75,387.5,387.25,387,386.75,386.5,386.25,386,385.75,385.5,385.25,321,503,272,388,209,234,297,372,336,253,244,388,388.25,388.5,388.75,389,389.25,389.5,389.75,390,390.25,390.5,100,362,236,305,478,297,486,399,613,330,1543
1577372090630560883,20191226145450630560883,20191226,387.75,387.5,387.25,387,386.75,386.5,386.25,386,385.75,385.5,385.25,315,503,272,388,209,234,297,372,336,253,244,388,388.25,388.5,388.75,389,389.25,389.5,389.75,390,390.25,390.5,109,358,236,305,478,297,486,399,613,330,1543
1577372100493417009,20191226145500493417009,20191226,387.75,387.5,387.25,387,386.75,386.5,386.25,386,385.75,385.5,385.25,316,521,289,405,226,251,297,389,336,270,244,388,388.25,388.5,388.75,389,389.25,389.5,389.75,390,390.25,390.5,100,379,253,322,495,314,503,416,613,347,1543
1577372110684780903,20191226145510684780903,20191226,387.75,387.5,387.25,387,386.75,386.5,386.25,386,385.75,385.5,385.25,316,521,289,405,226,251,297,389,336,270,244,388,388.25,388.5,388.75,389,389.25,389.5,389.75,390,390.25,390.5,148,379,253,322,495,314,503,416,613,347,1543
1577372120760948285,20191226145520760948285,20191226,387.75,387.5,387.25,387,386.75,386.5,386.25,386,385.75,385.5,385.25,172,521,289,405,226,251,297,389,336,270,244,388,388.25,388.5,388.75,389,389.25,389.5,389.75,390,390.25,390.5,177,379,253,322,534,314,503,416,613,349,1543
1577372131152189679,20191226145531152189679,20191226,387.75,387.5,387.25,387,386.75,386.5,386.25,386,385.75,385.5,385.25,169,521,289,405,226,251,297,389,336,270,244,388,388.25,388.5,388.75,389,389.25,389.5,389.75,390,390.25,390.5,174,381,253,322,534,314,503,416,613,349,1543
1577372140033239163,20191226145540033239163,20191226,387.75,387.5,387.25,387,386.75,386.5,386.25,386,385.75,385.5,385.25,172,521,289,405,226,251,297,389,336,270,244,388,388.25,388.5,388.75,389,389.25,389.5,389.75,390,390.25,390.5,174,384,253,322,534,314,503,416,613,350,1543
1577372150431436009,20191226145550431436009,20191226,387.75,387.5,387.25,387,386.75,386.5,386.25,386,385.75,385.5,385.25,173,521,289,405,226,251,297,389,336,270,244,388,388.25,388.5,388.75,389,389.25,389.5,389.75,390,390.25,390.5,103,384,253,322,534,314,503,416,613,350,1543
1577372160160668343,20191226145600160668343,20191226,387.75,387.5,387.25,387,386.75,386.5,386.25,386,385.75,385.5,385.25,168,521,289,405,226,251,297,389,336,270,244,388,388.25,388.5,388.75,389,389.25,389.5,389.75,390,390.25,390.5,173,384,253,322,534,314,503,416,613,350,1543
1577372171739126197,20191226145611739126197,20191226,387.75,387.5,387.25,387,386.75,386.5,386.25,386,385.75,385.5,385.25,170,521,289,405,226,251,297,389,336,270,244,388,388.25,388.5,388.75,389,389.25,389.5,389.75,390,390.25,390.5,175,375,253,322,534,314,503,416,613,350,1543
1577372181113222673,20191226145621113222673,20191226,387.75,387.5,387.25,387,386.75,386.5,386.25,386,385.75,385.5,385.25,158,521,289,405,226,251,297,389,336,270,244,388,388.25,388.5,388.75,389,389.25,389.5,389.75,390,390.25,390.5,177,374,253,322,534,314,503,416,613,350,1543
1577372191759342827,20191226145631759342827,20191226,387.75,387.5,387.25,387,386.75,386.5,386.25,386,385.75,385.5,385.25,148,521,289,405,226,251,297,389,336,270,244,388,388.25,388.5,388.75,389,389.25,389.5,389.75,390,390.25,390.5,176,375,253,322,534,314,503,416,613,350,1543
1577372204506077341,20191226145644506077341,20191226,387.75,387.5,387.25,387,386.75,386.5,386.25,386,385.75,385.5,385.25,120,521,289,405,226,251,297,389,336,270,244,388,388.25,388.5,388.75,389,389.25,389.5,389.75,390,390.25,390.5,181,378,253,322,534,314,503,416,613,350,1543
1577372210322673685,20191226145650322673685,20191226,387.5,387.25,387,386.75,386.5,386.25,386,385.75,385.5,385.25,385,528,291,405,226,251,297,389,336,270,244,880,387.75,388,388.25,388.5,388.75,389,389.25,389.5,389.75,390,390.25,116,202,362,253,322,538,312,507,416,617,350
1577372220504689619,20191226145700504689619,20191226,387.5,387.25,387,386.75,386.5,386.25,386,385.75,385.5,385.25,385,697,291,405,226,251,297,389,336,270,244,880,387.75,388,388.25,388.5,388.75,389,389.25,389.5,389.75,390,390.25,111,203,361,252,322,538,312,507,416,617,350
1577372231491429835,20191226145711491429835,20191226,387.75,387.5,387.25,387,386.75,386.5,386.25,386,385.75,385.5,385.25,172,532,291,405,226,255,297,393,336,274,244,388,388.25,388.5,388.75,389,389.25,389.5,389.75,390,390.25,390.5,251,362,254,323,539,312,507,416,625,350,1547
1577372240808253371,20191226145720808253371,20191226,387.75,387.5,387.25,387,386.75,386.5,386.25,386,385.75,385.5,385.25,182,525,291,405,226,255,297,393,336,274,244,388,388.25,388.5,388.75,389,389.25,389.5,389.75,390,390.25,390.5,261,362,254,324,538,312,507,416,625,350,1547
1577372252024067461,20191226145732024067461,20191226,387.75,387.5,387.25,387,386.75,386.5,386.25,386,385.75,385.5,385.25,183,525,291,405,226,255,297,393,336,274,244,388,388.25,388.5,388.75,389,389.25,389.5,389.75,390,390.25,390.5,176,362,254,324,538,312,507,416,627,350,1547
1577372260021582835,20191226145740021582835,20191226,387.75,387.5,387.25,387,386.75,386.5,386.25,386,385.75,385.5,385.25,351,452,292,397,214,242,297,393,336,274,244,388.25,388.5,388.75,389,389.25,389.5,389.75,390,390.25,390.5,390.75,534,244,316,538,312,507,416,630,350,1547,214
1577372272095222205,20191226145752095222205,20191226,387.75,387.5,387.25,387,386.75,386.5,386.25,386,385.75,385.5,385.25,352,454,291,396,214,242,297,393,336,274,244,388.25,388.5,388.75,389,389.25,389.5,389.75,390,390.25,390.5,390.75,313,434,317,540,312,507,416,629,349,1547,214
1577372280506009705,20191226145800506009705,20191226,387.75,387.5,387.25,387,386.75,386.5,386.25,386,385.75,385.5,385.25,183,453,296,395,213,242,298,394,336,274,244,388,388.25,388.5,388.75,389,389.25,389.5,389.75,390,390.25,390.5,123,222,444,325,540,312,507,416,629,349,1547
1577372290043293007,20191226145810043293007,20191226,387.75,387.5,387.25,387,386.75,386.5,386.25,386,385.75,385.5,385.25,183,453,303,396,213,242,298,394,336,274,244,388,388.25,388.5,388.75,389,389.25,389.5,389.75,390,390.25,390.5,75,222,443,324,544,312,507,416,629,349,1547
1577372301159248687,20191226145821159248687,20191226,387.75,387.5,387.25,387,386.75,386.5,386.25,386,385.75,385.5,385.25,183,453,303,396,213,242,298,394,336,274,244,388,388.25,388.5,388.75,389,389.25,389.5,389.75,390,390.25,390.5,74,222,443,324,544,312,507,416,629,349,1547
1577372310661806167,20191226145830661806167,20191226,388,387.75,387.5,387.25,387,386.75,386.5,386.25,386,385.75,385.5,60,229,462,303,396,213,242,298,394,336,274,388.25,388.5,388.75,389,389.25,389.5,389.75,390,390.25,390.5,390.75,299,433,315,544,312,507,416,629,349,1547,214
1577372321006176681,20191226145841006176681,20191226,388,387.75,387.5,387.25,387,386.75,386.5,386.25,386,385.75,385.5,62,233,460,303,396,213,242,298,394,336,274,388.25,388.5,388.75,389,389.25,389.5,389.75,390,390.25,390.5,390.75,298,434,315,544,312,507,416,629,349,1547,214
1577372331486461743,20191226145851486461743,20191226,387.75,387.5,387.25,387,386.75,386.5,386.25,386,385.75,385.5,385.25,359,461,303,396,213,242,298,394,336,274,244,388,388.25,388.5,388.75,389,389.25,389.5,389.75,390,390.25,390.5,39,187,444,324,544,312,507,411,624,349,1547
1577372340085981645,20191226145900085981645,20191226,387.75,387.5,387.25,387,386.75,386.5,386.25,386,385.75,385.5,385.25,365,462,302,396,213,242,298,394,336,274,244,388,388.25,388.5,388.75,389,389.25,389.5,389.75,390,390.25,390.5,15,234,443,325,544,312,507,411,624,349,1547
1577372350456186577,20191226145910456186577,20191226,387.75,387.5,387.25,387,386.75,386.5,386.25,386,385.75,385.5,385.25,369,469,302,396,213,242,298,394,336,274,244,388,388.25,388.5,388.75,389,389.25,389.5,389.75,390,390.25,390.5,8,237,442,324,544,312,507,411,624,349,1547
1577372360101189465,20191226145920101189465,20191226,387.75,387.5,387.25,387,386.75,386.5,386.25,386,385.75,385.5,385.25,370,469,302,405,213,242,298,394,336,274,244,388,388.25,388.5,388.75,389,389.25,389.5,389.75,390,390.25,390.5,13,237,442,324,544,312,507,411,624,349,1547
1577372370450903051,20191226145930450903051,20191226,387.75,387.5,387.25,387,386.75,386.5,386.25,386,385.75,385.5,385.25,370,469,302,405,213,242,298,394,336,274,244,388,388.25,388.5,388.75,389,389.25,389.5,389.75,390,390.25,390.5,10,235,442,324,544,312,507,411,624,349,1547
1577372380100944459,20191226145940100944459,20191226,388,387.75,387.5,387.25,387,386.75,386.5,386.25,386,385.75,385.5,104,230,474,302,405,213,242,298,394,336,274,388.25,388.5,388.75,389,389.25,389.5,389.75,390,390.25,390.5,390.75,158,432,316,545,312,507,411,624,349,1547,214
1577372391721492865,20191226145951721492865,20191226,388,387.75,387.5,387.25,387,386.75,386.5,386.25,386,385.75,385.5,109,232,474,302,405,213,242,298,394,336,274,388.25,388.5,388.75,389,389.25,389.5,389.75,390,390.25,390.5,390.75,157,434,315,544,312,507,411,624,349,1547,214
1577372400000359475,20191226150000000359475,20191226,388,387.75,387.5,387.25,387,386.75,386.5,386.25,386,385.75,385.5,102,232,474,302,405,213,242,298,394,336,274,388.25,388.5,388.75,389,389.25,389.5,389.75,390,390.25,390.5,390.75,152,434,315,544,312,507,411,624,349,1547,214
1577372412789148151,20191226150012789148151,20191226,388,387.75,387.5,387.25,387,386.75,386.5,386.25,386,385.75,385.5,117,236,469,303,407,213,242,298,394,336,274,388.25,388.5,388.75,389,389.25,389.5,389.75,390,390.25,390.5,390.75,158,438,311,539,312,507,411,624,349,1547,214
1577372420050151967,20191226150020050151967,20191226,388,387.75,387.5,387.25,387,386.75,386.5,386.25,386,385.75,385.5,61,236,474,303,407,213,242,298,394,336,274,388.25,388.5,388.75,389,389.25,389.5,389.75,390,390.25,390.5,390.75,376,438,310,539,312,507,411,624,349,1547,214
1577372431906422899,20191226150031906422899,20191226,388,387.75,387.5,387.25,387,386.75,386.5,386.25,386,385.75,385.5,141,236,475,303,407,213,242,298,394,336,274,388.25,388.5,388.75,389,389.25,389.5,389.75,390,390.25,390.5,390.75,64,438,312,539,312,507,411,624,349,1547,214
1577372440202694007,20191226150040202694007,20191226,388,387.75,387.5,387.25,387,386.75,386.5,386.25,386,385.75,385.5,149,240,481,303,407,213,242,298,394,336,274,388.25,388.5,388.75,389,389.25,389.5,389.75,390,390.25,390.5,390.75,50,485,312,539,313,477,411,624,349,1547,214
1577372450344329559,20191226150050344329559,20191226,388,387.75,387.5,387.25,387,386.75,386.5,386.25,386,385.75,385.5,151,242,481,303,407,213,242,298,394,336,274,388.25,388.5,388.75,389,389.25,389.5,389.75,390,390.25,390.5,390.75,93,485,312,539,313,477,381,624,349,1517,214
1577372462107494823,20191226150102107494823,20191226,388,387.75,387.5,387.25,387,386.75,386.5,386.25,386,385.75,385.5,170,242,491,303,407,213,242,298,394,336,274,388.25,388.5,388.75,389,389.25,389.5,389.75,390,390.25,390.5,390.75,94,485,311,539,313,477,381,624,349,1517,214
1577372471109349855,20191226150111109349855,20191226,388,387.75,387.5,387.25,387,386.75,386.5,386.25,386,385.75,385.5,155,243,500,313,427,223,252,298,394,336,274,388.25,388.5,388.75,389,389.25,389.5,389.75,390,390.25,390.5,390.75,163,485,321,549,323,487,381,625,349,1517,214
1577372481153641195,20191226150121153641195,20191226,388,387.75,387.5,387.25,387,386.75,386.5,386.25,386,385.75,385.5,155,243,500,313,427,223,252,308,404,346,284,388.25,388.5,388.75,389,389.25,389.5,389.75,390,390.25,390.5,390.75,165,485,321,549,323,487,391,635,359,1527,224
1577372491898363701,20191226150131898363701,20191226,388,387.75,387.5,387.25,387,386.75,386.5,386.25,386,385.75,385.5,158,246,500,313,427,223,252,308,404,346,284,388.25,388.5,388.75,389,389.25,389.5,389.75,390,390.25,390.5,390.75,88,485,322,550,323,487,391,638,359,1527,224
1577372500808890105,20191226150140808890105,20191226,388,387.75,387.5,387.25,387,386.75,386.5,386.25,386,385.75,385.5,159,246,500,313,427,223,252,308,404,346,284,388.25,388.5,388.75,389,389.25,389.5,389.75,390,390.25,390.5,390.75,89,485,322,550,323,487,391,638,359,1527,224
1577372511152662597,20191226150151152662597,20191226,388,387.75,387.5,387.25,387,386.75,386.5,386.25,386,385.75,385.5,155,254,501,313,427,223,252,308,404,346,284,388.25,388.5,388.75,389,389.25,389.5,389.75,390,390.25,390.5,390.75,83,485,322,550,323,487,391,638,359,1527,224
1577372520315964005,20191226150200315964005,20191226,388,387.75,387.5,387.25,387,386.75,386.5,386.25,386,385.75,385.5,168,254,501,313,427,223,252,308,404,346,284,388.25,388.5,388.75,389,389.25,389.5,389.75,390,390.25,390.5,390.75,81,486,322,550,323,487,391,638,359,1527,224
1577372535845602631,20191226150215845602631,20191226,388,387.75,387.5,387.25,387,386.75,386.5,386.25,386,385.75,385.5,170,254,501,313,427,223,252,308,404,346,288,388.25,388.5,388.75,389,389.25,389.5,389.75,390,390.25,390.5,390.75,85,486,322,550,323,487,391,638,359,1527,224
1577372540115216367,20191226150220115216367,20191226,388.25,388,387.75,387.5,387.25,387,386.75,386.5,386.25,386,385.75,128,341,265,501,312,431,222,252,308,404,346,388.5,388.75,389,389.25,389.5,389.75,390,390.25,390.5,390.75,391,560,313,552,323,487,391,638,359,1527,224,1242
1577372551441121541,20191226150231441121541,20191226,388.25,388,387.75,387.5,387.25,387,386.75,386.5,386.25,386,385.75,150,190,265,501,312,431,222,252,308,404,346,388.5,388.75,389,389.25,389.5,389.75,390,390.25,390.5,390.75,391,571,313,552,323,487,391,638,359,1527,224,1242
1577372562296988845,20191226150242296988845,20191226,388,387.75,387.5,387.25,387,386.75,386.5,386.25,386,385.75,385.5,160,255,501,312,431,222,252,308,404,346,288,388.25,388.5,388.75,389,389.25,389.5,389.75,390,390.25,390.5,390.75,129,441,324,551,323,487,391,638,359,1527,224
1577372570105216071,20191226150250105216071,20191226,388,387.75,387.5,387.25,387,386.75,386.5,386.25,386,385.75,385.5,270,264,500,312,406,222,252,308,404,346,288,388.5,388.75,389,389.25,389.5,389.75,390,390.25,390.5,390.75,391,636,313,552,323,487,391,638,359,1527,224,1243
1577372580066226169,20191226150300066226169,20191226,388,387.75,387.5,387.25,387,386.75,386.5,386.25,386,385.75,385.5,206,255,500,312,406,222,258,308,404,346,288,388.25,388.5,388.75,389,389.25,389.5,389.75,390,390.25,390.5,390.75,78,500,323,550,323,487,391,638,359,1527,224
1577372591129342451,20191226150311129342451,20191226,388,387.75,387.5,387.25,387,386.75,386.5,386.25,386,385.75,385.5,208,256,500,312,406,222,258,308,404,346,288,388.25,388.5,388.75,389,389.25,389.5,389.75,390,390.25,390.5,390.75,86,450,323,550,323,487,391,638,359,1527,236
1577372601306600847,20191226150321306600847,20191226,388,387.75,387.5,387.25,387,386.75,386.5,386.25,386,385.75,385.5,199,255,500,314,409,222,258,308,404,346,288,388.25,388.5,388.75,389,389.25,389.5,389.75,390,390.25,390.5,390.75,86,447,323,550,323,487,391,638,359,1527,236
1577372612596249365,20191226150332596249365,20191226,388,387.75,387.5,387.25,387,386.75,386.5,386.25,386,385.75,385.5,197,255,500,314,409,222,258,308,404,346,288,388.25,388.5,388.75,389,389.25,389.5,389.75,390,390.25,390.5,390.75,146,447,322,550,323,487,391,638,359,1527,236
1577372621414307735,20191226150341414307735,20191226,388,387.75,387.5,387.25,387,386.75,386.5,386.25,386,385.75,385.5,196,255,500,314,409,222,258,308,404,346,288,388.25,388.5,388.75,389,389.25,389.5,389.75,390,390.25,390.5,390.75,142,446,322,549,323,487,391,638,359,1527,236
1577372630871109397,20191226150350871109397,20191226,388,387.75,387.5,387.25,387,386.75,386.5,386.25,386,385.75,385.5,200,255,499,314,409,222,258,308,404,346,288,388.25,388.5,388.75,389,389.25,389.5,389.75,390,390.25,390.5,390.75,159,446,322,549,323,487,391,638,359,1527,236
1577372640100271515,20191226150400100271515,20191226,388,387.75,387.5,387.25,387,386.75,386.5,386.25,386,385.75,385.5,199,255,499,314,409,222,258,308,404,346,288,388.25,388.5,388.75,389,389.25,389.5,389.75,390,390.25,390.5,390.75,163,446,322,549,323,487,391,638,359,1527,236
1577372651078718937,20191226150411078718937,20191226,388,387.75,387.5,387.25,387,386.75,386.5,386.25,386,385.75,385.5,198,255,499,314,409,222,258,308,404,346,288,388.25,388.5,388.75,389,389.25,389.5,389.75,390,390.25,390.5,390.75,163,446,322,549,323,487,391,638,359,1527,236
1577372662123093039,20191226150422123093039,20191226,388,387.75,387.5,387.25,387,386.75,386.5,386.25,386,385.75,385.5,199,255,498,314,409,222,258,308,404,346,288,388.25,388.5,388.75,389,389.25,389.5,389.75,390,390.25,390.5,390.75,164,446,322,549,323,487,391,638,359,1527,236
1577372675214537933,20191226150435214537933,20191226,388,387.75,387.5,387.25,387,386.75,386.5,386.25,386,385.75,385.5,199,255,498,314,409,222,258,308,404,346,288,388.25,388.5,388.75,389,389.25,389.5,389.75,390,390.25,390.5,390.75,164,446,322,549,323,487,391,638,359,1527,236
1577372684195937983,20191226150444195937983,20191226,388,387.75,387.5,387.25,387,386.75,386.5,386.25,386,385.75,385.5,201,255,498,314,328,303,258,308,404,346,288,388.25,388.5,388.75,389,389.25,389.5,389.75,390,390.25,390.5,390.75,164,446,322,549,323,487,391,638,359,1527,236
1577372692125742667,20191226150452125742667,20191226,388,387.75,387.5,387.25,387,386.75,386.5,386.25,386,385.75,385.5,198,255,498,314,328,303,258,308,404,346,288,388.25,388.5,388.75,389,389.25,389.5,389.75,390,390.25,390.5,390.75,165,446,322,549,323,487,391,638,359,1527,236
1577372700099618771,20191226150500099618771,20191226,387.75,387.5,387.25,387,386.75,386.5,386.25,386,385.75,385.5,385.25,231,499,315,328,304,258,308,404,346,288,254,388,388.25,388.5,388.75,389,389.25,389.5,389.75,390,390.25,390.5,178,188,451,331,549,323,487,391,638,359,1527
1577372710276838765,20191226150510276838765,20191226,387.75,387.5,387.25,387,386.75,386.5,386.25,386,385.75,385.5,385.25,221,498,314,328,304,258,308,405,346,288,254,388,388.25,388.5,388.75,389,389.25,389.5,389.75,390,390.25,390.5,177,188,451,331,549,323,487,391,638,359,1527
1577372722580718451,20191226150522580718451,20191226,387.75,387.5,387.25,387,386.75,386.5,386.25,386,385.75,385.5,385.25,224,498,314,328,304,258,308,405,346,288,254,388,388.25,388.5,388.75,389,389.25,389.5,389.75,390,390.25,390.5,178,187,451,331,549,323,487,391,638,359,1527
1577372730424775631,20191226150530424775631,20191226,387.75,387.5,387.25,387,386.75,386.5,386.25,386,385.75,385.5,385.25,206,498,314,328,304,270,308,405,346,288,272,388,388.25,388.5,388.75,389,389.25,389.5,389.75,390,390.25,390.5,181,187,451,331,549,323,487,391,638,359,1527
1577372744229922161,20191226150544229922161,20191226,387.75,387.5,387.25,387,386.75,386.5,386.25,386,385.75,385.5,385.25,204,498,314,335,304,270,308,405,346,288,272,388,388.25,388.5,388.75,389,389.25,389.5,389.75,390,390.25,390.5,185,187,451,331,549,323,487,391,638,359,1527
1577372751176957019,20191226150551176957019,20191226,387.75,387.5,387.25,387,386.75,386.5,386.25,386,385.75,385.5,385.25,123,499,314,335,304,270,308,405,346,288,272,388,388.25,388.5,388.75,389,389.25,389.5,389.75,390,390.25,390.5,196,202,450,331,549,323,487,391,638,359,1527
1577372760742800355,20191226150600742800355,20191226,387.75,387.5,387.25,387,386.75,386.5,386.25,386,385.75,385.5,385.25,146,499,314,335,304,270,308,405,346,288,272,388,388.25,388.5,388.75,389,389.25,389.5,389.75,390,390.25,390.5,189,202,450,331,534,323,487,391,638,359,1527
1577372771325641959,20191226150611325641959,20191226,387.75,387.5,387.25,387,386.75,386.5,386.25,386,385.75,385.5,385.25,192,499,315,335,304,270,308,405,346,288,272,388,388.25,388.5,388.75,389,389.25,389.5,389.75,390,390.25,390.5,184,199,451,331,534,323,487,391,638,359,1527
1577372780758222975,20191226150620758222975,20191226,387.75,387.5,387.25,387,386.75,386.5,386.25,386,385.75,385.5,385.25,302,499,315,335,304,270,308,405,346,288,272,388,388.25,388.5,388.75,389,389.25,389.5,389.75,390,390.25,390.5,179,199,451,331,534,323,487,391,638,359,1527
1577372790054559343,20191226150630054559343,20191226,387.75,387.5,387.25,387,386.75,386.5,386.25,386,385.75,385.5,385.25,316,499,315,335,305,270,308,405,346,288,272,388,388.25,388.5,388.75,389,389.25,389.5,389.75,390,390.25,390.5,179,199,451,331,534,323,487,391,638,359,1527
1577372800901607111,20191226150640901607111,20191226,387.75,387.5,387.25,387,386.75,386.5,386.25,386,385.75,385.5,385.25,438,499,315,335,305,275,309,405,346,288,272,388,388.25,388.5,388.75,389,389.25,389.5,389.75,390,390.25,390.5,179,199,450,331,534,323,487,391,638,359,1527
1577372810749087461,20191226150650749087461,20191226,387.75,387.5,387.25,387,386.75,386.5,386.25,386,385.75,385.5,385.25,315,499,315,335,305,275,309,404,347,288,272,388,388.25,388.5,388.75,389,389.25,389.5,389.75,390,390.25,390.5,179,199,450,331,534,323,487,391,638,359,1527
1577372820065156497,20191226150700065156497,20191226,388,387.75,387.5,387.25,387,386.75,386.5,386.25,386,385.75,385.5,141,335,487,314,335,309,275,313,404,350,288,388.25,388.5,388.75,389,389.25,389.5,389.75,390,390.25,390.5,390.75,176,442,322,534,323,487,391,638,359,1527,236
1577372832636151463,20191226150712636151463,20191226,388,387.75,387.5,387.25,387,386.75,386.5,386.25,386,385.75,385.5,148,332,486,314,335,309,275,313,404,350,306,388.25,388.5,388.75,389,389.25,389.5,389.75,390,390.25,390.5,390.75,167,442,322,534,323,487,391,638,359,1527,236
1577372840101239755,20191226150720101239755,20191226,388,387.75,387.5,387.25,387,386.75,386.5,386.25,386,385.75,385.5,147,332,487,314,335,309,275,313,404,350,306,388.25,388.5,388.75,389,389.25,389.5,389.75,390,390.25,390.5,390.75,166,442,322,534,323,487,391,638,359,1527,236
1577372850023123727,20191226150730023123727,20191226,388,387.75,387.5,387.25,387,386.75,386.5,386.25,386,385.75,385.5,154,328,487,314,335,309,275,313,404,350,306,388.25,388.5,388.75,389,389.25,389.5,389.75,390,390.25,390.5,390.75,101,441,322,534,323,487,391,638,359,1527,236
1577372861500185773,20191226150741500185773,20191226,388,387.75,387.5,387.25,387,386.75,386.5,386.25,386,385.75,385.5,155,327,486,314,335,309,275,313,404,350,306,388.25,388.5,388.75,389,389.25,389.5,389.75,390,390.25,390.5,390.75,111,442,322,534,323,487,391,638,359,1527,236
1577372874759433969,20191226150754759433969,20191226,388,387.75,387.5,387.25,387,386.75,386.5,386.25,386,385.75,385.5,145,327,487,314,335,309,275,313,404,350,306,388.25,388.5,388.75,389,389.25,389.5,389.75,390,390.25,390.5,390.75,181,442,322,534,323,487,391,638,359,1527,236
1577372880847587333,20191226150800847587333,20191226,388,387.75,387.5,387.25,387,386.75,386.5,386.25,386,385.75,385.5,141,327,487,314,335,309,275,313,404,350,306,388.25,388.5,388.75,389,389.25,389.5,389.75,390,390.25,390.5,390.75,231,445,322,533,323,487,391,638,359,1527,236
1577372890093596831,20191226150810093596831,20191226,387.75,387.5,387.25,387,386.75,386.5,386.25,386,385.75,385.5,385.25,412,487,314,335,309,275,313,404,350,306,276,388,388.25,388.5,388.75,389,389.25,389.5,389.75,390,390.25,390.5,70,274,455,332,533,323,487,391,643,359,1527
1577372901159272261,20191226150821159272261,20191226,388,387.75,387.5,387.25,387,386.75,386.5,386.25,386,385.75,385.5,148,327,487,314,335,309,275,313,404,350,306,388.25,388.5,388.75,389,389.25,389.5,389.75,390,390.25,390.5,390.75,195,447,323,533,323,487,391,643,359,1527,236
1577372910821757705,20191226150830821757705,20191226,388,387.75,387.5,387.25,387,386.75,386.5,386.25,386,385.75,385.5,142,327,487,314,336,309,275,313,404,350,306,388.25,388.5,388.75,389,389.25,389.5,389.75,390,390.25,390.5,390.75,195,447,323,533,323,487,391,642,359,1527,236
1577372922119332417,20191226150842119332417,20191226,388,387.75,387.5,387.25,387,386.75,386.5,386.25,386,385.75,385.5,148,328,487,314,336,309,275,313,404,350,306,388.25,388.5,388.75,389,389.25,389.5,389.75,390,390.25,390.5,390.75,193,447,325,533,323,487,391,642,359,1527,236
1577372932528226867,20191226150852528226867,20191226,388,387.75,387.5,387.25,387,386.75,386.5,386.25,386,385.75,385.5,144,328,487,314,336,309,275,313,404,350,306,388.25,388.5,388.75,389,389.25,389.5,389.75,390,390.25,390.5,390.75,194,447,326,533,323,487,391,642,359,1527,236
1577372940570847825,20191226150900570847825,20191226,388,387.75,387.5,387.25,387,386.75,386.5,386.25,386,385.75,385.5,146,328,487,314,336,309,275,313,404,350,306,388.25,388.5,388.75,389,389.25,389.5,389.75,390,390.25,390.5,390.75,152,447,326,533,323,487,391,642,359,1527,236
1577372950254872471,20191226150910254872471,20191226,388,387.75,387.5,387.25,387,386.75,386.5,386.25,386,385.75,385.5,151,327,487,314,336,309,275,313,404,350,306,388.25,388.5,388.75,389,389.25,389.5,389.75,390,390.25,390.5,390.75,105,447,325,533,323,487,391,642,359,1527,236
1577372962158854515,20191226150922158854515,20191226,388,387.75,387.5,387.25,387,386.75,386.5,386.25,386,385.75,385.5,149,327,487,314,336,309,275,313,404,350,304,388.25,388.5,388.75,389,389.25,389.5,389.75,390,390.25,390.5,390.75,164,447,325,533,323,487,391,642,359,1527,236
1577372972177960329,20191226150932177960329,20191226,388,387.75,387.5,387.25,387,386.75,386.5,386.25,386,385.75,385.5,149,327,487,314,336,309,275,313,404,350,304,388.25,388.5,388.75,389,389.25,389.5,389.75,390,390.25,390.5,390.75,165,447,325,533,323,487,391,644,359,1527,236
1577372980890349255,20191226150940890349255,20191226,388,387.75,387.5,387.25,387,386.75,386.5,386.25,386,385.75,385.5,48,327,486,314,336,309,275,313,404,350,304,388.25,388.5,388.75,389,389.25,389.5,389.75,390,390.25,390.5,390.75,337,447,325,533,323,487,391,644,359,1527,236
1577372993510860547,20191226150953510860547,20191226,388,387.75,387.5,387.25,387,386.75,386.5,386.25,386,385.75,385.5,72,327,486,314,336,309,275,313,404,350,304,388.25,388.5,388.75,389,389.25,389.5,389.75,390,390.25,390.5,390.75,335,447,325,533,323,487,391,644,359,1527,236
1577373002382739499,20191226151002382739499,20191226,388,387.75,387.5,387.25,387,386.75,386.5,386.25,386,385.75,385.5,61,327,486,314,336,309,275,313,404,350,304,388.25,388.5,388.75,389,389.25,389.5,389.75,390,390.25,390.5,390.75,335,447,325,533,323,487,391,644,359,1527,236
1577373010816436351,20191226151010816436351,20191226,388,387.75,387.5,387.25,387,386.75,386.5,386.25,386,385.75,385.5,54,328,486,314,336,309,275,313,404,350,304,388.25,388.5,388.75,389,389.25,389.5,389.75,390,390.25,390.5,390.75,397,447,325,533,323,487,391,644,359,1527,236
1577373022163813137,20191226151022163813137,20191226,388,387.75,387.5,387.25,387,386.75,386.5,386.25,386,385.75,385.5,53,328,486,314,336,309,275,313,404,350,304,388.25,388.5,388.75,389,389.25,389.5,389.75,390,390.25,390.5,390.75,397,447,325,533,323,487,391,644,359,1527,236
1577373032183270991,20191226151032183270991,20191226,388,387.75,387.5,387.25,387,386.75,386.5,386.25,386,385.75,385.5,54,328,486,314,336,309,275,313,404,350,304,388.25,388.5,388.75,389,389.25,389.5,389.75,390,390.25,390.5,390.75,396,447,325,533,323,487,391,644,359,1527,236
1577373043534116261,20191226151043534116261,20191226,388,387.75,387.5,387.25,387,386.75,386.5,386.25,386,385.75,385.5,68,328,486,314,336,309,275,313,404,350,304,388.25,388.5,388.75,389,389.25,389.5,389.75,390,390.25,390.5,390.75,392,447,325,533,323,487,391,644,359,1527,236
1577373051998713449,20191226151051998713449,20191226,388,387.75,387.5,387.25,387,386.75,386.5,386.25,386,385.75,385.5,53,328,486,314,336,309,275,313,404,350,304,388.25,388.5,388.75,389,389.25,389.5,389.75,390,390.25,390.5,390.75,392,447,325,533,323,487,391,644,359,1527,236
1577373060221533223,20191226151100221533223,20191226,387.75,387.5,387.25,387,386.75,386.5,386.25,386,385.75,385.5,385.25,313,487,314,336,309,275,313,404,345,304,276,388,388.25,388.5,388.75,389,389.25,389.5,389.75,390,390.25,390.5,76,219,458,335,536,323,487,393,644,359,1527
1577373070001330339,20191226151110001330339,20191226,387.75,387.5,387.25,387,386.75,386.5,386.25,386,385.75,385.5,385.25,316,487,314,336,309,275,313,404,345,304,276,388,388.25,388.5,388.75,389,389.25,389.5,389.75,390,390.25,390.5,86,216,458,334,536,323,487,393,644,359,1527
1577373080376869805,20191226151120376869805,20191226,387.75,387.5,387.25,387,386.75,386.5,386.25,386,385.75,385.5,385.25,318,487,314,336,309,275,313,404,345,304,276,388,388.25,388.5,388.75,389,389.25,389.5,389.75,390,390.25,390.5,58,216,458,334,536,323,487,393,644,359,1527
1577373090326159909,20191226151130326159909,20191226,387.75,387.5,387.25,387,386.75,386.5,386.25,386,385.75,385.5,385.25,315,487,316,336,309,275,313,404,345,304,276,388,388.25,388.5,388.75,389,389.25,389.5,389.75,390,390.25,390.5,50,216,457,334,536,323,487,393,644,359,1527
1577373100370717503,20191226151140370717503,20191226,387.75,387.5,387.25,387,386.75,386.5,386.25,386,385.75,385.5,385.25,318,511,316,336,309,275,313,404,345,304,276,388,388.25,388.5,388.75,389,389.25,389.5,389.75,390,390.25,390.5,56,216,457,334,536,323,487,393,644,359,1527
1577373110213189543,20191226151150213189543,20191226,387.75,387.5,387.25,387,386.75,386.5,386.25,386,385.75,385.5,385.25,318,511,316,336,309,275,313,404,345,304,276,388,388.25,388.5,388.75,389,389.25,389.5,389.75,390,390.25,390.5,56,216,457,334,536,323,487,393,644,359,1527
1577373121578117535,20191226151201578117535,20191226,387.75,387.5,387.25,387,386.75,386.5,386.25,386,385.75,385.5,385.25,446,512,315,337,309,274,313,404,345,304,276,388,388.25,388.5,388.75,389,389.25,389.5,389.75,390,390.25,390.5,14,263,457,334,536,323,487,393,644,359,1527
1577373134339222625,20191226151214339222625,20191226,387.75,387.5,387.25,387,386.75,386.5,386.25,386,385.75,385.5,385.25,447,512,315,337,309,274,313,404,345,304,276,388,388.25,388.5,388.75,389,389.25,389.5,389.75,390,390.25,390.5,49,263,457,334,536,323,487,393,634,359,1527
1577373140425810591,20191226151220425810591,20191226,387.75,387.5,387.25,387,386.75,386.5,386.25,386,385.75,385.5,385.25,300,512,315,337,309,274,313,404,345,304,276,388,388.25,388.5,388.75,389,389.25,389.5,389.75,390,390.25,390.5,62,265,457,334,536,323,487,393,634,359,1527
1577373152174739643,20191226151232174739643,20191226,387.75,387.5,387.25,387,386.75,386.5,386.25,386,385.75,385.5,385.25,300,512,315,337,309,274,313,404,345,304,276,388,388.25,388.5,388.75,389,389.25,389.5,389.75,390,390.25,390.5,57,265,457,334,536,323,485,393,634,359,1527
1577373163128044621,20191226151243128044621,20191226,387.75,387.5,387.25,387,386.75,386.5,386.25,386,385.75,385.5,385.25,302,512,315,337,309,274,313,404,345,304,276,388,388.25,388.5,388.75,389,389.25,389.5,389.75,390,390.25,390.5,58,265,457,334,536,323,485,393,639,359,1527
1577373170355789519,20191226151250355789519,20191226,387.75,387.5,387.25,387,386.75,386.5,386.25,386,385.75,385.5,385.25,302,512,315,337,309,274,313,404,345,304,276,388,388.25,388.5,388.75,389,389.25,389.5,389.75,390,390.25,390.5,63,265,457,334,536,323,485,393,639,359,1527
1577373180195351907,20191226151300195351907,20191226,387.75,387.5,387.25,387,386.75,386.5,386.25,386,385.75,385.5,385.25,439,558,341,363,335,274,313,404,345,304,276,388,388.25,388.5,388.75,389,389.25,389.5,389.75,390,390.25,390.5,60,265,457,334,536,323,485,393,639,359,1527
1577373191037248053,20191226151311037248053,20191226,387.75,387.5,387.25,387,386.75,386.5,386.25,386,385.75,385.5,385.25,431,532,315,337,309,274,313,404,345,304,276,388,388.25,388.5,388.75,389,389.25,389.5,389.75,390,390.25,390.5,54,265,457,335,536,323,485,393,639,359,1527
1577373200029174887,20191226151320029174887,20191226,387.75,387.5,387.25,387,386.75,386.5,386.25,386,385.75,385.5,385.25,479,532,315,337,309,274,313,404,345,304,276,388,388.25,388.5,388.75,389,389.25,389.5,389.75,390,390.25,390.5,28,263,457,335,536,323,485,393,639,359,1527
1577373210605715491,20191226151330605715491,20191226,387.75,387.5,387.25,387,386.75,386.5,386.25,386,385.75,385.5,385.25,292,532,315,337,309,274,313,404,345,304,276,388,388.25,388.5,388.75,389,389.25,389.5,389.75,390,390.25,390.5,66,265,457,335,536,323,485,393,639,359,1527
1577373220276421189,20191226151340276421189,20191226,387.75,387.5,387.25,387,386.75,386.5,386.25,386,385.75,385.5,385.25,292,533,315,337,309,274,313,404,345,304,276,388,388.25,388.5,388.75,389,389.25,389.5,389.75,390,390.25,390.5,57,265,457,335,536,323,485,393,639,359,1527
1577373232782608495,20191226151352782608495,20191226,387.75,387.5,387.25,387,386.75,386.5,386.25,386,385.75,385.5,385.25,290,533,315,337,309,274,313,404,345,324,276,388,388.25,388.5,388.75,389,389.25,389.5,389.75,390,390.25,390.5,68,265,457,335,536,323,485,393,639,359,1527
1577373240140413993,20191226151400140413993,20191226,387.75,387.5,387.25,387,386.75,386.5,386.25,386,385.75,385.5,385.25,291,533,315,339,309,278,313,404,345,324,276,388,388.25,388.5,388.75,389,389.25,389.5,389.75,390,390.25,390.5,87,264,457,335,536,323,485,393,639,359,1527
1577373252088777803,20191226151412088777803,20191226,387.75,387.5,387.25,387,386.75,386.5,386.25,386,385.75,385.5,385.25,295,533,315,339,309,278,313,404,345,324,276,388,388.25,388.5,388.75,389,389.25,389.5,389.75,390,390.25,390.5,60,265,457,335,536,323,485,393,639,359,1527
1577373260597666651,20191226151420597666651,20191226,387.75,387.5,387.25,387,386.75,386.5,386.25,386,385.75,385.5,385.25,291,533,315,339,309,278,313,404,345,324,276,388,388.25,388.5,388.75,389,389.25,389.5,389.75,390,390.25,390.5,54,265,457,335,536,323,485,393,639,359,1527
1577373272183298125,20191226151432183298125,20191226,387.75,387.5,387.25,387,386.75,386.5,386.25,386,385.75,385.5,385.25,299,533,315,339,309,278,313,404,345,324,276,388,388.25,388.5,388.75,389,389.25,389.5,389.75,390,390.25,390.5,58,265,457,335,536,323,485,393,639,359,1527
1577373280803826265,20191226151440803826265,20191226,387.75,387.5,387.25,387,386.75,386.5,386.25,386,385.75,385.5,385.25,477,533,315,339,309,278,313,404,345,324,276,388,388.25,388.5,388.75,389,389.25,389.5,389.75,390,390.25,390.5,34,266,456,335,536,323,485,393,639,359,1527
1577373292934474125,20191226151452934474125,20191226,387.75,387.5,387.25,387,386.75,386.5,386.25,386,385.75,385.5,385.25,500,533,315,339,309,278,313,404,345,324,276,388,388.25,388.5,388.75,389,389.25,389.5,389.75,390,390.25,390.5,33,265,457,335,536,323,485,393,639,359,1527
1577373300050868503,20191226151500050868503,20191226,387.75,387.5,387.25,387,386.75,386.5,386.25,386,385.75,385.5,385.25,500,533,315,339,309,278,313,404,345,324,276,388,388.25,388.5,388.75,389,389.25,389.5,389.75,390,390.25,390.5,37,264,456,335,536,323,485,393,1035,359,1131
1577373312239424325,20191226151512239424325,20191226,387.75,387.5,387.25,387,386.75,386.5,386.25,386,385.75,385.5,385.25,476,533,314,339,309,278,313,404,345,324,276,388,388.25,388.5,388.75,389,389.25,389.5,389.75,390,390.25,390.5,53,266,456,335,536,323,485,393,1035,359,1131
1577373322197313995,20191226151522197313995,20191226,387.75,387.5,387.25,387,386.75,386.5,386.25,386,385.75,385.5,385.25,476,533,314,339,309,278,313,404,345,324,276,388,388.25,388.5,388.75,389,389.25,389.5,389.75,390,390.25,390.5,50,266,456,335,536,323,485,393,1035,359,1131
1577373332186760739,20191226151532186760739,20191226,387.75,387.5,387.25,387,386.75,386.5,386.25,386,385.75,385.5,385.25,476,533,314,339,309,278,313,404,345,324,276,388,388.25,388.5,388.75,389,389.25,389.5,389.75,390,390.25,390.5,52,266,456,335,536,323,485,393,1035,359,1131
1577373350742574885,20191226151550742574885,20191226,387.75,387.5,387.25,387,386.75,386.5,386.25,386,385.75,385.5,385.25,474,533,315,339,309,278,313,404,345,324,276,388,388.25,388.5,388.75,389,389.25,389.5,389.75,390,390.25,390.5,64,266,456,335,536,323,485,393,1035,359,1131
1577373360634399407,20191226151600634399407,20191226,387.75,387.5,387.25,387,386.75,386.5,386.25,386,385.75,385.5,385.25,312,533,315,339,309,278,313,404,345,374,276,388,388.25,388.5,388.75,389,389.25,389.5,389.75,390,390.25,390.5,97,265,457,335,536,323,485,393,1035,359,1131
1577373370463083341,20191226151610463083341,20191226,387.75,387.5,387.25,387,386.75,386.5,386.25,386,385.75,385.5,385.25,311,533,315,339,309,278,313,404,345,374,276,388,388.25,388.5,388.75,389,389.25,389.5,389.75,390,390.25,390.5,80,265,457,335,536,323,485,393,1035,359,1131
1577373382211488015,20191226151622211488015,20191226,387.75,387.5,387.25,387,386.75,386.5,386.25,386,385.75,385.5,385.25,311,533,314,339,309,278,313,404,345,374,276,388,388.25,388.5,388.75,389,389.25,389.5,389.75,390,390.25,390.5,115,265,419,335,536,323,485,393,1035,359,1131
1577373392191725821,20191226151632191725821,20191226,387.75,387.5,387.25,387,386.75,386.5,386.25,386,385.75,385.5,385.25,304,533,315,339,309,278,313,404,345,374,276,388,388.25,388.5,388.75,389,389.25,389.5,389.75,390,390.25,390.5,114,265,419,335,536,323,485,393,1035,359,1131
1577373406468157567,20191226151646468157567,20191226,387.75,387.5,387.25,387,386.75,386.5,386.25,386,385.75,385.5,385.25,306,533,315,339,309,278,313,404,345,374,276,388,388.25,388.5,388.75,389,389.25,389.5,389.75,390,390.25,390.5,113,266,419,335,536,323,485,393,1035,359,1131
1577373412192495793,20191226151652192495793,20191226,387.75,387.5,387.25,387,386.75,386.5,386.25,386,385.75,385.5,385.25,307,533,315,339,309,278,313,404,345,374,276,388,388.25,388.5,388.75,389,389.25,389.5,389.75,390,390.25,390.5,110,265,419,335,536,323,485,393,1035,359,1131
1577373420505555927,20191226151700505555927,20191226,387.75,387.5,387.25,387,386.75,386.5,386.25,386,385.75,385.5,385.25,306,533,315,339,309,278,313,404,345,374,276,388,388.25,388.5,388.75,389,389.25,389.5,389.75,390,390.25,390.5,109,265,419,335,536,323,485,393,1035,359,1131
1577373436057640657,20191226151716057640657,20191226,387.75,387.5,387.25,387,386.75,386.5,386.25,386,385.75,385.5,385.25,441,533,315,339,309,278,313,404,345,374,276,388,388.25,388.5,388.75,389,389.25,389.5,389.75,390,390.25,390.5,98,266,418,335,536,323,485,393,1035,359,1131
1577373440214033573,20191226151720214033573,20191226,387.75,387.5,387.25,387,386.75,386.5,386.25,386,385.75,385.5,385.25,400,532,315,340,309,278,313,404,345,374,276,388,388.25,388.5,388.75,389,389.25,389.5,389.75,390,390.25,390.5,107,265,419,335,536,323,485,393,1035,359,1131
1577373450221570351,20191226151730221570351,20191226,387.75,387.5,387.25,387,386.75,386.5,386.25,386,385.75,385.5,385.25,444,532,315,340,309,278,313,404,345,374,276,388,388.25,388.5,388.75,389,389.25,389.5,389.75,390,390.25,390.5,87,265,419,335,536,323,485,393,1035,359,1131
1577373460488565617,20191226151740488565617,20191226,387.75,387.5,387.25,387,386.75,386.5,386.25,386,385.75,385.5,385.25,444,532,315,340,309,278,313,404,345,374,276,388,388.25,388.5,388.75,389,389.25,389.5,389.75,390,390.25,390.5,88,265,419,335,536,323,485,393,1035,359,1131
1577373472304048569,20191226151752304048569,20191226,387.75,387.5,387.25,387,386.75,386.5,386.25,386,385.75,385.5,385.25,444,532,315,340,309,278,313,404,345,374,276,388,388.25,388.5,388.75,389,389.25,389.5,389.75,390,390.25,390.5,91,265,419,335,536,323,485,393,1035,359,1131
1577373480118345403,20191226151800118345403,20191226,387.75,387.5,387.25,387,386.75,386.5,386.25,386,385.75,385.5,385.25,286,532,315,340,309,278,313,404,345,374,276,388,388.25,388.5,388.75,389,389.25,389.5,389.75,390,390.25,390.5,92,265,417,333,536,323,485,393,1035,359,1131
1577373491262385569,20191226151811262385569,20191226,387.75,387.5,387.25,387,386.75,386.5,386.25,386,385.75,385.5,385.25,290,532,315,340,309,278,313,404,345,374,276,388,388.25,388.5,388.75,389,389.25,389.5,389.75,390,390.25,390.5,88,265,417,333,536,323,485,393,1035,359,1131
1577373505535539657,20191226151825535539657,20191226,387.75,387.5,387.25,387,386.75,386.5,386.25,386,385.75,385.5,385.25,298,532,315,340,309,278,313,404,345,374,276,388,388.25,388.5,388.75,389,389.25,389.5,389.75,390,390.25,390.5,90,265,417,333,536,323,485,393,1035,359,1131
1577373513001189627,20191226151833001189627,20191226,387.75,387.5,387.25,387,386.75,386.5,386.25,386,385.75,385.5,385.25,296,532,315,340,309,279,313,404,345,374,276,388,388.25,388.5,388.75,389,389.25,389.5,389.75,390,390.25,390.5,90,265,417,333,536,323,485,393,1035,359,1131
1577373521987498649,20191226151841987498649,20191226,387.75,387.5,387.25,387,386.75,386.5,386.25,386,385.75,385.5,385.25,300,532,315,340,309,279,313,404,345,374,276,388,388.25,388.5,388.75,389,389.25,389.5,389.75,390,390.25,390.5,90,265,417,333,536,323,485,393,1035,359,1131
1577373532204539507,20191226151852204539507,20191226,388,387.75,387.5,387.25,387,386.75,386.5,386.25,386,385.75,385.5,146,306,532,315,340,309,279,313,404,345,374,388.25,388.5,388.75,389,389.25,389.5,389.75,390,390.25,390.5,390.75,188,408,324,536,323,485,393,1035,359,1131,236
1577373540271064893,20191226151900271064893,20191226,388,387.75,387.5,387.25,387,386.75,386.5,386.25,386,385.75,385.5,148,306,532,315,340,309,279,313,404,345,374,388.25,388.5,388.75,389,389.25,389.5,389.75,390,390.25,390.5,390.75,127,408,324,536,323,485,393,1035,359,1131,236
1577373550200419783,20191226151910200419783,20191226,388,387.75,387.5,387.25,387,386.75,386.5,386.25,386,385.75,385.5,175,305,631,316,340,309,279,313,404,345,374,388.25,388.5,388.75,389,389.25,389.5,389.75,390,390.25,390.5,390.75,88,407,324,536,323,485,393,1035,359,1131,236
1577373561814893551,20191226151921814893551,20191226,388,387.75,387.5,387.25,387,386.75,386.5,386.25,386,385.75,385.5,250,306,532,315,340,309,279,313,404,345,374,388.25,388.5,388.75,389,389.25,389.5,389.75,390,390.25,390.5,390.75,78,407,324,536,323,485,393,1035,359,1131,236
1577373570033974349,20191226151930033974349,20191226,388,387.75,387.5,387.25,387,386.75,386.5,386.25,386,385.75,385.5,328,307,531,315,340,309,279,313,404,345,374,388.25,388.5,388.75,389,389.25,389.5,389.75,390,390.25,390.5,390.75,141,408,324,536,323,485,393,1035,359,1131,236
1577373581480743371,20191226151941480743371,20191226,388,387.75,387.5,387.25,387,386.75,386.5,386.25,386,385.75,385.5,330,306,529,315,340,309,279,313,404,345,374,388.25,388.5,388.75,389,389.25,389.5,389.75,390,390.25,390.5,390.75,80,408,324,536,323,485,393,1035,359,1131,236
1577373592052682057,20191226151952052682057,20191226,388,387.75,387.5,387.25,387,386.75,386.5,386.25,386,385.75,385.5,329,307,529,315,340,309,279,313,404,345,374,388.25,388.5,388.75,389,389.25,389.5,389.75,390,390.25,390.5,390.75,78,408,324,536,323,485,393,1035,359,1131,236
1577373601136817455,20191226152001136817455,20191226,388,387.75,387.5,387.25,387,386.75,386.5,386.25,386,385.75,385.5,329,307,529,315,340,309,279,313,404,345,374,388.25,388.5,388.75,389,389.25,389.5,389.75,390,390.25,390.5,390.75,76,408,324,537,323,485,393,1035,359,1131,236
1577373611038720273,20191226152011038720273,20191226,388,387.75,387.5,387.25,387,386.75,386.5,386.25,386,385.75,385.5,333,307,530,315,340,309,279,313,404,345,374,388.25,388.5,388.75,389,389.25,389.5,389.75,390,390.25,390.5,390.75,74,408,324,537,323,485,393,1035,359,1131,236
1577373620625726379,20191226152020625726379,20191226,388,387.75,387.5,387.25,387,386.75,386.5,386.25,386,385.75,385.5,337,307,531,315,340,309,279,313,404,345,374,388.25,388.5,388.75,389,389.25,389.5,389.75,390,390.25,390.5,390.75,124,408,324,537,323,485,393,1035,359,1131,236
1577373631238976195,20191226152031238976195,20191226,388,387.75,387.5,387.25,387,386.75,386.5,386.25,386,385.75,385.5,338,308,530,315,340,309,279,313,404,345,374,388.25,388.5,388.75,389,389.25,389.5,389.75,390,390.25,390.5,390.75,191,408,324,537,323,485,393,1036,359,1131,236
1577373643256029143,20191226152043256029143,20191226,388,387.75,387.5,387.25,387,386.75,386.5,386.25,386,385.75,385.5,338,308,529,315,340,309,279,313,404,345,374,388.25,388.5,388.75,389,389.25,389.5,389.75,390,390.25,390.5,390.75,122,408,324,537,323,485,393,1036,359,1131,236
1577373651557075321,20191226152051557075321,20191226,388,387.75,387.5,387.25,387,386.75,386.5,386.25,386,385.75,385.5,326,308,529,315,340,309,279,313,404,345,374,388.25,388.5,388.75,389,389.25,389.5,389.75,390,390.25,390.5,390.75,193,428,324,537,323,485,393,1036,359,1131,236
1577373660534286671,20191226152100534286671,20191226,388,387.75,387.5,387.25,387,386.75,386.5,386.25,386,385.75,385.5,339,308,529,315,340,309,279,313,404,345,374,388.25,388.5,388.75,389,389.25,389.5,389.75,390,390.25,390.5,390.75,121,427,324,537,323,485,393,1036,359,1131,236
1577373671131667257,20191226152111131667257,20191226,388,387.75,387.5,387.25,387,386.75,386.5,386.25,386,385.75,385.5,341,308,529,315,340,309,279,313,404,345,374,388.25,388.5,388.75,389,389.25,389.5,389.75,390,390.25,390.5,390.75,120,427,324,537,323,485,393,1036,359,1131,236
1577373684051344789,20191226152124051344789,20191226,388,387.75,387.5,387.25,387,386.75,386.5,386.25,386,385.75,385.5,337,308,529,315,440,309,279,313,404,345,374,388.25,388.5,388.75,389,389.25,389.5,389.75,390,390.25,390.5,390.75,207,427,324,537,323,485,393,1036,359,1131,236
1577373695579547279,20191226152135579547279,20191226,388,387.75,387.5,387.25,387,386.75,386.5,386.25,386,385.75,385.5,337,308,529,315,440,309,279,332,404,364,374,388.25,388.5,388.75,389,389.25,389.5,389.75,390,390.25,390.5,390.75,207,427,324,537,323,485,393,1055,359,1150,236
1577373702371818765,20191226152142371818765,20191226,388,387.75,387.5,387.25,387,386.75,386.5,386.25,386,385.75,385.5,338,308,529,315,440,309,279,332,404,364,374,388.25,388.5,388.75,389,389.25,389.5,389.75,390,390.25,390.5,390.75,209,427,324,537,323,485,393,1055,359,1150,236
1577373710514991529,20191226152150514991529,20191226,388,387.75,387.5,387.25,387,386.75,386.5,386.25,386,385.75,385.5,338,308,529,315,440,309,279,332,404,364,374,388.25,388.5,388.75,389,389.25,389.5,389.75,390,390.25,390.5,390.75,211,427,324,537,323,485,393,1055,359,1150,236
1577373720541431495,20191226152200541431495,20191226,388,387.75,387.5,387.25,387,386.75,386.5,386.25,386,385.75,385.5,294,305,529,315,440,310,279,332,404,364,374,388.25,388.5,388.75,389,389.25,389.5,389.75,390,390.25,390.5,390.75,260,427,324,537,323,485,393,1052,359,1150,236
1577373731083962969,20191226152211083962969,20191226,388,387.75,387.5,387.25,387,386.75,386.5,386.25,386,385.75,385.5,306,305,529,315,440,310,279,332,404,364,374,388.25,388.5,388.75,389,389.25,389.5,389.75,390,390.25,390.5,390.75,256,427,324,537,323,485,393,1052,359,1150,236
1577373740102067507,20191226152220102067507,20191226,388,387.75,387.5,387.25,387,386.75,386.5,386.25,386,385.75,385.5,289,306,529,314,440,310,279,332,404,364,374,388.25,388.5,388.75,389,389.25,389.5,389.75,390,390.25,390.5,390.75,254,427,324,537,323,485,393,1052,359,1150,236
1577373751508762955,20191226152231508762955,20191226,388,387.75,387.5,387.25,387,386.75,386.5,386.25,386,385.75,385.5,288,312,529,314,440,310,279,332,404,364,374,388.25,388.5,388.75,389,389.25,389.5,389.75,390,390.25,390.5,390.75,253,427,324,537,323,485,393,1052,359,1150,236
1577373760089248613,20191226152240089248613,20191226,388,387.75,387.5,387.25,387,386.75,386.5,386.25,386,385.75,385.5,294,312,529,314,440,310,279,332,404,364,374,388.25,388.5,388.75,389,389.25,389.5,389.75,390,390.25,390.5,390.75,253,427,324,537,323,485,393,1052,359,1150,236
1577373772195599697,20191226152252195599697,20191226,388,387.75,387.5,387.25,387,386.75,386.5,386.25,386,385.75,385.5,300,312,529,314,440,310,279,332,404,364,374,388.25,388.5,388.75,389,389.25,389.5,389.75,390,390.25,390.5,390.75,201,427,324,537,323,485,393,1052,359,1150,236
1577373780583447971,20191226152300583447971,20191226,388,387.75,387.5,387.25,387,386.75,386.5,386.25,386,385.75,385.5,298,312,529,314,440,310,279,332,404,364,374,388.25,388.5,388.75,389,389.25,389.5,389.75,390,390.25,390.5,390.75,199,427,325,537,323,485,393,1052,359,1150,236
1577373793422403819,20191226152313422403819,20191226,388,387.75,387.5,387.25,387,386.75,386.5,386.25,386,385.75,385.5,310,312,529,314,440,310,279,332,404,364,374,388.25,388.5,388.75,389,389.25,389.5,389.75,390,390.25,390.5,390.75,214,427,325,537,323,485,393,1052,359,1150,236
1577373802320854835,20191226152322320854835,20191226,388,387.75,387.5,387.25,387,386.75,386.5,386.25,386,385.75,385.5,309,312,529,314,440,310,279,332,404,364,374,388.25,388.5,388.75,389,389.25,389.5,389.75,390,390.25,390.5,390.75,212,426,325,537,323,485,393,1052,359,1150,236
1577373815355041667,20191226152335355041667,20191226,388,387.75,387.5,387.25,387,386.75,386.5,386.25,386,385.75,385.5,309,312,529,314,440,310,279,332,404,364,374,388.25,388.5,388.75,389,389.25,389.5,389.75,390,390.25,390.5,390.75,212,427,324,537,323,485,393,1052,359,1150,236
1577373821071140289,20191226152341071140289,20191226,388,387.75,387.5,387.25,387,386.75,386.5,386.25,386,385.75,385.5,307,312,529,314,440,310,279,332,404,364,374,388.25,388.5,388.75,389,389.25,389.5,389.75,390,390.25,390.5,390.75,212,427,324,536,323,485,393,1052,359,1150,236
1577373830530503981,20191226152350530503981,20191226,388,387.75,387.5,387.25,387,386.75,386.5,386.25,386,385.75,385.5,314,312,529,314,440,310,279,332,404,364,374,388.25,388.5,388.75,389,389.25,389.5,389.75,390,390.25,390.5,390.75,247,427,324,536,323,485,393,1052,359,1150,236
1577373840451189033,20191226152400451189033,20191226,387.75,387.5,387.25,387,386.75,386.5,386.25,386,385.75,385.5,385.25,215,531,315,440,310,279,332,404,364,374,295,388,388.25,388.5,388.75,389,389.25,389.5,389.75,390,390.25,390.5,230,283,436,333,540,323,485,393,1052,359,1150
1577373850588637725,20191226152410588637725,20191226,387.75,387.5,387.25,387,386.75,386.5,386.25,386,385.75,385.5,385.25,262,531,315,440,229,360,332,404,364,374,295,388,388.25,388.5,388.75,389,389.25,389.5,389.75,390,390.25,390.5,231,281,436,333,540,323,485,393,1052,359,1150
1577373862003038869,20191226152422003038869,20191226,387.75,387.5,387.25,387,386.75,386.5,386.25,386,385.75,385.5,385.25,272,531,315,440,229,360,332,404,364,374,295,388,388.25,388.5,388.75,389,389.25,389.5,389.75,390,390.25,390.5,222,281,439,333,540,323,485,393,1052,359,1150
1577373871355716429,20191226152431355716429,20191226,387.75,387.5,387.25,387,386.75,386.5,386.25,386,385.75,385.5,385.25,589,531,315,439,230,360,332,404,364,374,295,388,388.25,388.5,388.75,389,389.25,389.5,389.75,390,390.25,390.5,184,281,441,332,541,323,485,393,1052,359,1150
1577373882820430987,20191226152442820430987,20191226,387.75,387.5,387.25,387,386.75,386.5,386.25,386,385.75,385.5,385.25,575,531,315,439,230,360,332,404,364,374,295,388,388.25,388.5,388.75,389,389.25,389.5,389.75,390,390.25,390.5,173,281,441,333,540,323,485,393,1052,359,1150
1577373891607108005,20191226152451607108005,20191226,387.75,387.5,387.25,387,386.75,386.5,386.25,386,385.75,385.5,385.25,575,541,315,439,230,360,332,404,364,374,295,388,388.25,388.5,388.75,389,389.25,389.5,389.75,390,390.25,390.5,174,281,441,333,540,323,485,393,1052,359,1150
1577373902111737921,20191226152502111737921,20191226,387.75,387.5,387.25,387,386.75,386.5,386.25,386,385.75,385.5,385.25,595,541,315,439,230,360,332,404,364,374,295,388,388.25,388.5,388.75,389,389.25,389.5,389.75,390,390.25,390.5,175,269,441,333,540,323,485,393,1052,359,1150
1577373914901779599,20191226152514901779599,20191226,387.75,387.5,387.25,387,386.75,386.5,386.25,386,385.75,385.5,385.25,607,541,315,439,230,360,332,404,364,374,295,388,388.25,388.5,388.75,389,389.25,389.5,389.75,390,390.25,390.5,176,269,441,333,540,323,485,393,1052,359,1150
1577373923075257599,20191226152523075257599,20191226,387.75,387.5,387.25,387,386.75,386.5,386.25,386,385.75,385.5,385.25,361,541,315,439,230,360,332,404,364,374,295,388,388.25,388.5,388.75,389,389.25,389.5,389.75,390,390.25,390.5,181,269,441,333,540,323,485,393,1052,359,1150
1577373935828160613,20191226152535828160613,20191226,387.75,387.5,387.25,387,386.75,386.5,386.25,386,385.75,385.5,385.25,445,531,316,439,230,360,332,404,364,374,295,388,388.25,388.5,388.75,389,389.25,389.5,389.75,390,390.25,390.5,122,330,442,333,540,323,485,393,1052,359,1150
1577373940952948273,20191226152540952948273,20191226,387.75,387.5,387.25,387,386.75,386.5,386.25,386,385.75,385.5,385.25,409,531,316,439,230,360,332,404,364,374,295,388,388.25,388.5,388.75,389,389.25,389.5,389.75,390,390.25,390.5,134,330,442,333,540,323,485,393,1052,359,1150
1577373951994135037,20191226152551994135037,20191226,387.75,387.5,387.25,387,386.75,386.5,386.25,386,385.75,385.5,385.25,418,531,316,439,230,360,332,404,364,374,295,388,388.25,388.5,388.75,389,389.25,389.5,389.75,390,390.25,390.5,133,326,442,333,540,323,485,393,1052,359,1150
1577373960767736621,20191226152600767736621,20191226,387.75,387.5,387.25,387,386.75,386.5,386.25,386,385.75,385.5,385.25,558,531,316,439,230,360,332,404,364,374,295,388,388.25,388.5,388.75,389,389.25,389.5,389.75,390,390.25,390.5,127,326,441,333,541,323,485,393,1052,359,1150
1577373974008263595,20191226152614008263595,20191226,387.75,387.5,387.25,387,386.75,386.5,386.25,386,385.75,385.5,385.25,544,531,316,439,230,360,332,404,364,374,295,388,388.25,388.5,388.75,389,389.25,389.5,389.75,390,390.25,390.5,132,326,441,333,541,323,485,393,1052,359,1150
1577373982236044891,20191226152622236044891,20191226,387.75,387.5,387.25,387,386.75,386.5,386.25,386,385.75,385.5,385.25,544,531,316,439,230,360,332,404,364,374,295,388,388.25,388.5,388.75,389,389.25,389.5,389.75,390,390.25,390.5,134,326,441,333,541,323,485,393,1052,359,1150
1577373990744653753,20191226152630744653753,20191226,387.75,387.5,387.25,387,386.75,386.5,386.25,386,385.75,385.5,385.25,315,531,316,439,230,360,332,404,364,374,295,388,388.25,388.5,388.75,389,389.25,389.5,389.75,390,390.25,390.5,186,330,441,333,541,323,485,393,1052,359,1150
1577374000206331693,20191226152640206331693,20191226,387.75,387.5,387.25,387,386.75,386.5,386.25,386,385.75,385.5,385.25,314,536,316,439,230,360,332,404,364,374,295,388,388.25,388.5,388.75,389,389.25,389.5,389.75,390,390.25,390.5,174,330,441,333,541,323,487,393,1052,359,1150
1577374010074100077,20191226152650074100077,20191226,387.75,387.5,387.25,387,386.75,386.5,386.25,386,385.75,385.5,385.25,298,536,316,439,230,360,332,404,364,374,295,388,388.25,388.5,388.75,389,389.25,389.5,389.75,390,390.25,390.5,185,329,442,334,541,323,487,393,1053,359,1150
1577374020246901759,20191226152700246901759,20191226,387.75,387.5,387.25,387,386.75,386.5,386.25,386,385.75,385.5,385.25,295,538,316,439,230,360,332,404,364,374,295,388,388.25,388.5,388.75,389,389.25,389.5,389.75,390,390.25,390.5,178,332,442,333,541,323,487,393,1053,359,1150
1577374032180914969,20191226152712180914969,20191226,387.75,387.5,387.25,387,386.75,386.5,386.25,386,385.75,385.5,385.25,543,538,316,439,230,360,332,404,364,374,295,388,388.25,388.5,388.75,389,389.25,389.5,389.75,390,390.25,390.5,124,332,442,333,541,323,487,393,1053,359,1150
1577374042242574871,20191226152722242574871,20191226,387.75,387.5,387.25,387,386.75,386.5,386.25,386,385.75,385.5,385.25,539,538,316,439,230,360,332,404,364,374,295,388,388.25,388.5,388.75,389,389.25,389.5,389.75,390,390.25,390.5,135,332,442,333,541,323,487,393,1053,359,1150
1577374052243678793,20191226152732243678793,20191226,387.75,387.5,387.25,387,386.75,386.5,386.25,386,385.75,385.5,385.25,540,538,316,439,230,360,332,404,364,374,295,388,388.25,388.5,388.75,389,389.25,389.5,389.75,390,390.25,390.5,134,335,442,333,541,323,487,393,1053,359,1150
1577374061169579699,20191226152741169579699,20191226,387.75,387.5,387.25,387,386.75,386.5,386.25,386,385.75,385.5,385.25,539,538,316,439,230,360,332,404,364,374,295,388,388.25,388.5,388.75,389,389.25,389.5,389.75,390,390.25,390.5,150,335,442,333,541,323,487,393,1053,359,1150
1577374077642765611,20191226152757642765611,20191226,387.75,387.5,387.25,387,386.75,386.5,386.25,386,385.75,385.5,385.25,531,538,316,439,230,360,332,404,364,374,295,388,388.25,388.5,388.75,389,389.25,389.5,389.75,390,390.25,390.5,62,335,442,333,541,323,487,393,1055,359,1150
1577374080000966809,20191226152800000966809,20191226,387.75,387.5,387.25,387,386.75,386.5,386.25,386,385.75,385.5,385.25,566,538,316,439,230,360,332,404,364,374,295,388,388.25,388.5,388.75,389,389.25,389.5,389.75,390,390.25,390.5,49,279,443,334,541,323,487,393,1055,359,1150
1577374090596557229,20191226152810596557229,20191226,387.75,387.5,387.25,387,386.75,386.5,386.25,386,385.75,385.5,385.25,284,540,316,439,230,360,332,404,364,374,295,388,388.25,388.5,388.75,389,389.25,389.5,389.75,390,390.25,390.5,277,238,443,333,541,323,487,393,1055,359,1150
1577374100872295477,20191226152820872295477,20191226,387.75,387.5,387.25,387,386.75,386.5,386.25,386,385.75,385.5,385.25,357,540,316,439,230,360,332,404,364,374,295,388,388.25,388.5,388.75,389,389.25,389.5,389.75,390,390.25,390.5,277,235,443,333,541,323,487,393,1055,359,1150
1577374112248187147,20191226152832248187147,20191226,387.75,387.5,387.25,387,386.75,386.5,386.25,386,385.75,385.5,385.25,362,543,316,439,230,360,332,404,364,374,295,388,388.25,388.5,388.75,389,389.25,389.5,389.75,390,390.25,390.5,277,235,443,333,541,323,487,393,1055,359,1150
1577374120086805195,20191226152840086805195,20191226,387.75,387.5,387.25,387,386.75,386.5,386.25,386,385.75,385.5,385.25,370,543,316,439,230,360,332,404,364,374,295,388,388.25,388.5,388.75,389,389.25,389.5,389.75,390,390.25,390.5,277,235,443,333,542,323,487,393,1055,359,1150
1577374132398534983,20191226152852398534983,20191226,387.75,387.5,387.25,387,386.75,386.5,386.25,386,385.75,385.5,385.25,378,543,316,439,230,360,332,404,364,374,295,388,388.25,388.5,388.75,389,389.25,389.5,389.75,390,390.25,390.5,279,235,445,333,542,323,487,393,1055,359,1150
1577374140963519059,20191226152900963519059,20191226,387.75,387.5,387.25,387,386.75,386.5,386.25,386,385.75,385.5,385.25,332,543,316,439,230,360,332,404,364,374,295,388,388.25,388.5,388.75,389,389.25,389.5,389.75,390,390.25,390.5,277,235,445,333,542,323,487,393,1055,359,1150
1577374150634966277,20191226152910634966277,20191226,387.75,387.5,387.25,387,386.75,386.5,386.25,386,385.75,385.5,385.25,332,543,316,439,230,360,332,404,364,374,295,388,388.25,388.5,388.75,389,389.25,389.5,389.75,390,390.25,390.5,284,235,441,333,542,323,487,393,1055,359,1150
1577374160255578711,20191226152920255578711,20191226,387.75,387.5,387.25,387,386.75,386.5,386.25,386,385.75,385.5,385.25,330,543,316,439,230,360,332,404,364,374,295,388,388.25,388.5,388.75,389,389.25,389.5,389.75,390,390.25,390.5,284,235,426,333,542,323,487,393,1055,359,1150
1577374170219680011,20191226152930219680011,20191226,387.75,387.5,387.25,387,386.75,386.5,386.25,386,385.75,385.5,385.25,326,543,316,439,230,360,332,404,364,374,295,388,388.25,388.5,388.75,389,389.25,389.5,389.75,390,390.25,390.5,287,235,426,310,512,323,487,393,1055,359,1150
1577374186145265341,20191226152946145265341,20191226,387.75,387.5,387.25,387,386.75,386.5,386.25,386,385.75,385.5,385.25,327,543,316,439,230,360,332,404,364,374,295,388,388.25,388.5,388.75,389,389.25,389.5,389.75,390,390.25,390.5,287,235,426,310,512,323,487,393,1055,359,1150
1577374190752033807,20191226152950752033807,20191226,387.75,387.5,387.25,387,386.75,386.5,386.25,386,385.75,385.5,385.25,326,543,316,439,229,360,332,404,365,374,295,388,388.25,388.5,388.75,389,389.25,389.5,389.75,390,390.25,390.5,306,235,426,310,512,323,487,393,1055,359,1150
1577374200080786087,20191226153000080786087,20191226,387.75,387.5,387.25,387,386.75,386.5,386.25,386,385.75,385.5,385.25,326,543,316,439,229,360,332,404,365,374,295,388,388.25,388.5,388.75,389,389.25,389.5,389.75,390,390.25,390.5,234,235,426,310,512,323,487,393,1055,359,1150
1577374215159078963,20191226153015159078963,20191226,387.75,387.5,387.25,387,386.75,386.5,386.25,386,385.75,385.5,385.25,329,543,316,439,229,360,332,404,365,374,295,388,388.25,388.5,388.75,389,389.25,389.5,389.75,390,390.25,390.5,237,243,426,310,512,323,487,393,1055,359,1150
