new_tag60_unix_nanoseconds,tag60,new_tag75,new_bid_01_price,new_bid_02_price,new_bid_03_price,new_bid_04_price,new_bid_05_price,new_bid_06_price,new_bid_07_price,new_bid_08_price,new_bid_09_price,new_bid_10_price,new_bid_11_price,new_bid_01_qty,new_bid_02_qty,new_bid_03_qty,new_bid_04_qty,new_bid_05_qty,new_bid_06_qty,new_bid_07_qty,new_bid_08_qty,new_bid_09_qty,new_bid_10_qty,new_bid_11_qty,new_ask_01_price,new_ask_02_price,new_ask_03_price,new_ask_04_price,new_ask_05_price,new_ask_06_price,new_ask_07_price,new_ask_08_price,new_ask_09_price,new_ask_10_price,new_ask_11_price,new_ask_01_qty,new_ask_02_qty,new_ask_03_qty,new_ask_04_qty,new_ask_05_qty,new_ask_06_qty,new_ask_07_qty,new_ask_08_qty,new_ask_09_qty,new_ask_10_qty,new_ask_11_qty,old_tag60_unix_nanoseconds,old_tag75,old_bid_01_price,old_bid_02_price,old_bid_03_price,old_bid_04_price,old_bid_05_price,old_bid_06_price,old_bid_07_price,old_bid_08_price,old_bid_09_price,old_bid_10_price,old_bid_11_price,old_bid_01_qty,old_bid_02_qty,old_bid_03_qty,old_bid_04_qty,old_bid_05_qty,old_bid_06_qty,old_bid_07_qty,old_bid_08_qty,old_bid_09_qty,old_bid_10_qty,old_bid_11_qty,old_ask_01_price,old_ask_02_price,old_ask_03_price,old_ask_04_price,old_ask_05_price,old_ask_06_price,old_ask_07_price,old_ask_08_price,old_ask_09_price,old_ask_10_price,old_ask_11_price,old_ask_01_qty,old_ask_02_qty,old_ask_03_qty,old_ask_04_qty,old_ask_05_qty,old_ask_06_qty,old_ask_07_qty,old_ask_08_qty,old_ask_09_qty,old_ask_10_qty,old_ask_11_qty
1577370600036795109,20191226143000036795109,20191226,388.0,387.75,387.5,387.25,387.0,386.75,386.5,386.25,386.0,385.75,385.5,4,92,156,44,109,46,180,23,85,30,90,388.25,388.5,388.75,389.0,389.25,389.5,389.75,390.0,390.25,390.5,390.75,48,7,49,87,76,87,77,67,124,66,54,1577370600036795109,20191226,387.75,387.5,387.25,387.0,386.75,386.5,386.25,386.0,385.75,385.5,385.25,5,8,11,71,1,68,56,198,221,77,116,388.25,388.5,388.75,389.0,389.25,389.5,389.75,390.0,390.25,390.5,390.75,17,9,6,94,7,26,87,278,66,1391,58
1577370610772213035,20191226143010772213035,20191226,388.25,388.0,387.75,387.5,387.25,387.0,386.75,386.5,386.25,386.0,385.75,6,215,128,211,91,115,64,183,41,89,30,388.5,388.75,389.0,389.25,389.5,389.75,390.0,390.25,390.5,390.75,391.0,71,73,93,94,99,81,67,128,65,66,50,1577370610772213035,20191226,387.5,387.25,387.0,386.75,386.5,386.25,386.0,385.75,385.5,385.25,385.0,8,11,71,1,68,56,198,221,77,116,641,388.5,388.75,389.0,389.25,389.5,389.75,390.0,390.25,390.5,390.75,391.0,8,6,94,7,26,87,278,66,1391,58,1100
1577370621279795699,20191226143021279795699,20191226,388.5,388.25,388.0,387.75,387.5,387.25,387.0,386.75,386.5,386.25,386.0,147,71,104,128,192,172,116,70,183,47,99,388.75,389.0,389.25,389.5,389.75,390.0,390.25,390.5,390.75,391.0,391.25,53,56,89,100,81,66,128,63,66,50,42,1577370621279795699,20191226,387.5,387.25,387.0,386.75,386.5,386.25,386.0,385.75,385.5,385.25,385.0,8,11,71,1,68,56,198,221,77,116,641,388.75,389.0,389.25,389.5,389.75,390.0,390.25,390.5,390.75,391.0,391.25,1,94,7,26,87,278,66,1391,58,1100,68
1577370634334586091,20191226143034334586091,20191226,388.5,388.25,388.0,387.75,387.5,387.25,387.0,386.75,386.5,386.25,386.0,175,76,158,127,191,172,116,70,163,47,99,388.75,389.0,389.25,389.5,389.75,390.0,390.25,390.5,390.75,391.0,391.25,33,58,90,100,81,65,128,63,66,50,42,1577370634334586091,20191226,387.5,387.25,387.0,386.75,386.5,386.25,386.0,385.75,385.5,385.25,385.0,8,11,71,1,68,56,198,221,77,116,641,388.75,389.0,389.25,389.5,389.75,390.0,390.25,390.5,390.75,391.0,391.25,1,94,7,26,87,278,66,1391,58,1100,68
1577370643267381221,20191226143043267381221,20191226,388.5,388.25,388.0,387.75,387.5,387.25,387.0,386.75,386.5,386.25,386.0,159,85,128,127,191,172,117,70,163,47,99,388.75,389.0,389.25,389.5,389.75,390.0,390.25,390.5,390.75,391.0,391.25,63,58,91,102,82,65,128,63,66,50,42,1577370643267381221,20191226,387.5,387.25,387.0,386.75,386.5,386.25,386.0,385.75,385.5,385.25,385.0,8,11,71,1,68,56,198,221,77,116,641,388.75,389.0,389.25,389.5,389.75,390.0,390.25,390.5,390.75,391.0,391.25,1,94,7,26,87,278,66,1391,58,1100,68
1577370654630389415,20191226143054630389415,20191226,388.5,388.25,388.0,387.75,387.5,387.25,387.0,386.75,386.5,386.25,386.0,151,82,128,129,191,172,117,70,163,47,99,388.75,389.0,389.25,389.5,389.75,390.0,390.25,390.5,390.75,391.0,391.25,53,60,72,102,82,65,129,63,66,50,42,1577370654630389415,20191226,387.5,387.25,387.0,386.75,386.5,386.25,386.0,385.75,385.5,385.25,385.0,8,11,71,1,68,56,198,221,77,116,641,388.75,389.0,389.25,389.5,389.75,390.0,390.25,390.5,390.75,391.0,391.25,1,94,7,26,87,278,66,1391,58,1100,68
1577370660144280017,20191226143100144280017,20191226,388.0,387.75,387.5,387.25,387.0,386.75,386.5,386.25,386.0,385.75,385.5,192,141,219,209,154,105,163,47,100,30,97,388.25,388.5,388.75,389.0,389.25,389.5,389.75,390.0,390.25,390.5,390.75,22,147,250,137,118,138,121,65,129,64,66,1577370660144280017,20191226,387.5,387.25,387.0,386.75,386.5,386.25,386.0,385.75,385.5,385.25,385.0,8,11,71,1,68,56,198,221,77,116,641,388.75,389.0,389.25,389.5,389.75,390.0,390.25,390.5,390.75,391.0,391.25,1,94,7,26,87,278,66,1391,58,1100,68
1577370679815202393,20191226143119815202393,20191226,388.5,388.25,388.0,387.75,387.5,387.25,387.0,386.75,386.5,386.25,386.0,7,123,154,180,228,209,154,104,200,88,137,388.75,389.0,389.25,389.5,389.75,390.0,390.25,390.5,390.75,391.0,391.25,236,96,113,147,130,114,166,105,104,90,79,1577370679815202393,20191226,387.5,387.25,387.0,386.75,386.5,386.25,386.0,385.75,385.5,385.25,385.0,8,11,71,1,68,56,198,221,77,116,641,388.75,389.0,389.25,389.5,389.75,390.0,390.25,390.5,390.75,391.0,391.25,1,94,7,26,87,278,66,1391,58,1100,68
1577370680356335931,20191226143120356335931,20191226,388.5,388.25,388.0,387.75,387.5,387.25,387.0,386.75,386.5,386.25,386.0,17,272,133,179,228,209,154,104,200,88,137,388.75,389.0,389.25,389.5,389.75,390.0,390.25,390.5,390.75,391.0,391.25,232,96,113,147,130,114,166,105,104,90,79,1577370680356335931,20191226,387.5,387.25,387.0,386.75,386.5,386.25,386.0,385.75,385.5,385.25,385.0,8,11,71,1,68,56,198,221,77,116,641,388.75,389.0,389.25,389.5,389.75,390.0,390.25,390.5,390.75,391.0,391.25,1,94,7,26,87,278,66,1391,58,1100,68
1577370691947227039,20191226143131947227039,20191226,388.5,388.25,388.0,387.75,387.5,387.25,387.0,386.75,386.5,386.25,386.0,18,280,195,168,229,210,155,105,201,89,138,388.75,389.0,389.25,389.5,389.75,390.0,390.25,390.5,390.75,391.0,391.25,237,98,124,148,131,109,167,106,105,91,82,1577370691947227039,20191226,387.5,387.25,387.0,386.75,386.5,386.25,386.0,385.75,385.5,385.25,385.0,8,11,71,1,68,56,198,221,77,116,641,388.75,389.0,389.25,389.5,389.75,390.0,390.25,390.5,390.75,391.0,391.25,1,94,7,26,87,278,66,1391,58,1100,68
1577370707198019743,20191226143147198019743,20191226,388.5,388.25,388.0,387.75,387.5,387.25,387.0,386.75,386.5,386.25,386.0,32,146,192,177,129,210,155,105,201,89,138,388.75,389.0,389.25,389.5,389.75,390.0,390.25,390.5,390.75,391.0,391.25,206,99,114,148,131,309,167,106,105,91,82,1577370707198019743,20191226,387.5,387.25,387.0,386.75,386.5,386.25,386.0,385.75,385.5,385.25,385.0,8,11,71,1,68,56,198,221,77,116,641,388.75,389.0,389.25,389.5,389.75,390.0,390.25,390.5,390.75,391.0,391.25,1,94,7,26,87,278,66,1391,58,1100,68
1577370710076806411,20191226143150076806411,20191226,388.5,388.25,388.0,387.75,387.5,387.25,387.0,386.75,386.5,386.25,386.0,103,146,195,197,121,210,155,105,201,89,138,388.75,389.0,389.25,389.5,389.75,390.0,390.25,390.5,390.75,391.0,391.25,52,100,114,148,131,309,167,106,105,91,82,1577370710076806411,20191226,387.5,387.25,387.0,386.75,386.5,386.25,386.0,385.75,385.5,385.25,385.0,8,11,71,1,68,56,198,221,77,116,641,388.75,389.0,389.25,389.5,389.75,390.0,390.25,390.5,390.75,391.0,391.25,1,94,7,26,87,278,66,1391,58,1100,68
1577370729759686917,20191226143209759686917,20191226,388.5,388.25,388.0,387.75,387.5,387.25,387.0,386.75,386.5,386.25,386.0,44,151,171,197,121,209,156,105,201,89,138,388.75,389.0,389.25,389.5,389.75,390.0,390.25,390.5,390.75,391.0,391.25,196,100,114,148,131,309,167,106,105,91,82,1577370729759686917,20191226,387.5,387.25,387.0,386.75,386.5,386.25,386.0,385.75,385.5,385.25,385.0,8,11,71,1,68,56,198,221,77,116,641,388.75,389.0,389.25,389.5,389.75,390.0,390.25,390.5,390.75,391.0,391.25,1,94,7,26,87,278,66,1391,58,1100,68
1577370739490793773,20191226143219490793773,20191226,388.5,388.25,388.0,387.75,387.5,387.25,387.0,386.75,386.5,386.25,386.0,25,148,173,197,125,209,156,105,201,89,138,388.75,389.0,389.25,389.5,389.75,390.0,390.25,390.5,390.75,391.0,391.25,199,101,114,148,131,309,167,106,105,91,82,1577370739490793773,20191226,387.5,387.25,387.0,386.75,386.5,386.25,386.0,385.75,385.5,385.25,385.0,8,11,71,1,68,56,198,221,77,116,641,388.75,389.0,389.25,389.5,389.75,390.0,390.25,390.5,390.75,391.0,391.25,1,94,7,26,87,278,66,1391,58,1100,68
1577370746377939463,20191226143226377939463,20191226,388.25,388.0,387.75,387.5,387.25,387.0,386.75,386.5,386.25,386.0,385.75,132,159,187,125,209,156,105,201,89,138,71,388.5,388.75,389.0,389.25,389.5,389.75,390.0,390.25,390.5,390.75,391.0,34,109,127,124,148,132,309,167,106,105,91,1577370746377939463,20191226,387.5,387.25,387.0,386.75,386.5,386.25,386.0,385.75,385.5,385.25,385.0,8,11,71,1,68,56,198,221,77,116,641,388.75,389.0,389.25,389.5,389.75,390.0,390.25,390.5,390.75,391.0,391.25,1,94,7,26,87,278,66,1391,58,1100,68
1577370757414179065,20191226143237414179065,20191226,388.25,388.0,387.75,387.5,387.25,387.0,386.75,386.5,386.25,386.0,385.75,108,160,187,125,210,156,105,201,89,138,71,388.5,388.75,389.0,389.25,389.5,389.75,390.0,390.25,390.5,390.75,391.0,53,108,129,124,148,132,309,167,106,105,91,1577370757414179065,20191226,387.5,387.25,387.0,386.75,386.5,386.25,386.0,385.75,385.5,385.25,385.0,8,11,71,1,68,56,198,221,77,116,641,388.75,389.0,389.25,389.5,389.75,390.0,390.25,390.5,390.75,391.0,391.25,1,94,7,26,87,278,66,1391,58,1100,68
1577370765813499949,20191226143245813499949,20191226,388.25,388.0,387.75,387.5,387.25,387.0,386.75,386.5,386.25,386.0,385.75,110,160,187,125,210,156,105,201,89,138,71,388.5,388.75,389.0,389.25,389.5,389.75,390.0,390.25,390.5,390.75,391.0,70,108,129,124,148,132,309,167,106,105,91,1577370765813499949,20191226,387.5,387.25,387.0,386.75,386.5,386.25,386.0,385.75,385.5,385.25,385.0,8,11,71,1,68,56,198,221,77,116,641,388.75,389.0,389.25,389.5,389.75,390.0,390.25,390.5,390.75,391.0,391.25,1,94,7,26,87,278,66,1391,58,1100,68
1577370770515987791,20191226143250515987791,20191226,388.25,388.0,387.75,387.5,387.25,387.0,386.75,386.5,386.25,386.0,385.75,111,160,187,125,210,156,105,101,189,138,71,388.5,388.75,389.0,389.25,389.5,389.75,390.0,390.25,390.5,390.75,391.0,74,107,168,124,148,132,309,167,106,105,91,1577370770515987791,20191226,387.5,387.25,387.0,386.75,386.5,386.25,386.0,385.75,385.5,385.25,385.0,8,11,71,1,68,56,198,221,77,116,641,388.75,389.0,389.25,389.5,389.75,390.0,390.25,390.5,390.75,391.0,391.25,1,94,7,26,87,278,66,1391,58,1100,68
1577370781110339799,20191226143301110339799,20191226,388.75,388.5,388.25,388.0,387.75,387.5,387.25,387.0,386.75,386.5,386.25,84,214,160,182,198,126,211,256,105,101,189,389.0,389.25,389.5,389.75,390.0,390.25,390.5,390.75,391.0,391.25,391.5,211,89,139,133,310,167,106,105,91,82,96,1577370781110339799,20191226,387.5,387.25,387.0,386.75,386.5,386.25,386.0,385.75,385.5,385.25,385.0,8,11,71,1,68,56,198,221,77,116,641,389.0,389.25,389.5,389.75,390.0,390.25,390.5,390.75,391.0,391.25,391.5,94,7,26,87,278,66,1391,58,1100,68,94
1577370791749845035,20191226143311749845035,20191226,388.75,388.5,388.25,388.0,387.75,387.5,387.25,387.0,386.75,386.5,386.25,60,106,163,206,198,126,200,256,105,101,189,389.0,389.25,389.5,389.75,390.0,390.25,390.5,390.75,391.0,391.25,391.5,102,88,139,133,308,166,106,103,91,82,92,1577370791749845035,20191226,388.0,387.5,387.25,387.0,386.75,386.5,386.25,386.0,385.75,385.5,385.25,7,8,5,70,1,68,56,198,221,77,116,389.0,389.25,389.5,389.75,390.0,390.25,390.5,390.75,391.0,391.25,391.5,52,7,26,87,278,66,1391,58,1100,68,94
1577370800683055811,20191226143320683055811,20191226,388.75,388.5,388.25,388.0,387.75,387.5,387.25,387.0,386.75,386.5,386.25,88,109,163,206,198,126,200,258,105,101,189,389.0,389.25,389.5,389.75,390.0,390.25,390.5,390.75,391.0,391.25,391.5,100,88,139,131,328,166,106,103,91,82,92,1577370800683055811,20191226,388.75,388.0,387.5,387.25,387.0,386.75,386.5,386.25,386.0,385.75,385.5,1,7,8,5,70,1,68,56,198,221,77,389.0,389.25,389.5,389.75,390.0,390.25,390.5,390.75,391.0,391.25,391.5,52,7,26,87,278,66,1391,58,1100,68,94
1577370812295977347,20191226143332295977347,20191226,388.5,388.25,388.0,387.75,387.5,387.25,387.0,386.75,386.5,386.25,386.0,64,150,205,203,135,205,267,116,110,189,147,388.75,389.0,389.25,389.5,389.75,390.0,390.25,390.5,390.75,391.0,391.25,151,144,116,161,141,333,175,111,112,91,91,1577370812295977347,20191226,388.0,387.5,387.25,387.0,386.75,386.5,386.25,386.0,385.75,385.5,385.25,7,8,5,70,1,68,56,198,221,77,115,389.0,389.25,389.5,389.75,390.0,390.25,390.5,390.75,391.0,391.25,391.5,51,7,26,87,278,66,1391,58,1100,68,94
1577370827741092653,20191226143347741092653,20191226,388.5,388.25,388.0,387.75,387.5,387.25,387.0,386.75,386.5,386.25,386.0,71,149,205,203,135,205,266,116,110,189,147,388.75,389.0,389.25,389.5,389.75,390.0,390.25,390.5,390.75,391.0,391.25,42,286,123,161,141,333,175,111,112,91,91,1577370827741092653,20191226,388.0,387.5,387.25,387.0,386.75,386.5,386.25,386.0,385.75,385.5,385.25,7,8,5,70,1,68,56,198,221,77,114,389.0,389.25,389.5,389.75,390.0,390.25,390.5,390.75,391.0,391.25,391.5,50,7,26,86,278,66,1389,58,1100,68,94
1577370838387300983,20191226143358387300983,20191226,388.5,388.25,388.0,387.75,387.5,387.25,387.0,386.75,386.5,386.25,386.0,89,144,201,203,135,205,266,116,110,189,147,388.75,389.0,389.25,389.5,389.75,390.0,390.25,390.5,390.75,391.0,391.25,129,162,124,161,138,334,175,111,112,91,97,1577370838387300983,20191226,388.0,387.5,387.25,387.0,386.75,386.5,386.25,386.0,385.75,385.5,385.25,7,8,5,70,1,68,56,198,221,77,114,389.0,389.25,389.5,389.75,390.0,390.25,390.5,390.75,391.0,391.25,391.5,50,7,26,86,278,66,1389,58,1100,68,94
1577370844079100959,20191226143404079100959,20191226,388.5,388.25,388.0,387.75,387.5,387.25,387.0,386.75,386.5,386.25,386.0,242,144,211,203,135,205,267,117,110,189,147,389.0,389.25,389.5,389.75,390.0,390.25,390.5,390.75,391.0,391.25,391.5,244,102,161,138,334,180,111,112,91,97,92,1577370844079100959,20191226,388.0,387.5,387.25,387.0,386.75,386.5,386.25,386.0,385.75,385.5,385.25,7,8,5,70,1,68,56,198,221,77,114,389.0,389.25,389.5,389.75,390.0,390.25,390.5,390.75,391.0,391.25,391.5,50,7,26,86,278,66,1389,58,1100,68,94
1577370854157648041,20191226143414157648041,20191226,388.75,388.5,388.25,388.0,387.75,387.5,387.25,387.0,386.75,386.5,386.25,22,107,179,221,203,135,205,267,117,111,189,389.0,389.25,389.5,389.75,390.0,390.25,390.5,390.75,391.0,391.25,391.5,240,102,151,138,333,180,111,112,91,97,92,1577370854157648041,20191226,388.0,387.5,387.25,387.0,386.75,386.5,386.25,386.0,385.75,385.5,385.25,7,8,5,70,1,68,56,198,221,77,114,389.0,389.25,389.5,389.75,390.0,390.25,390.5,390.75,391.0,391.25,391.5,31,7,26,86,278,66,1389,58,1100,68,94
1577370869120869211,20191226143429120869211,20191226,388.75,388.5,388.25,388.0,387.75,387.5,387.25,387.0,386.75,386.5,386.25,51,110,179,221,203,135,205,267,117,111,189,389.0,389.25,389.5,389.75,390.0,390.25,390.5,390.75,391.0,391.25,391.5,121,103,150,136,334,181,111,112,92,97,92,1577370869120869211,20191226,388.0,387.5,387.25,387.0,386.75,386.5,386.25,386.0,385.75,385.5,385.25,7,8,5,70,1,68,56,198,221,77,114,389.0,389.25,389.5,389.75,390.0,390.25,390.5,390.75,391.0,391.25,391.5,28,7,26,86,278,66,1389,58,1100,68,94
1577370871800711833,20191226143431800711833,20191226,388.25,388.0,387.75,387.5,387.25,387.0,386.75,386.5,386.25,386.0,385.75,64,179,194,135,205,268,117,111,189,147,71,388.5,388.75,389.0,389.25,389.5,389.75,390.0,390.25,390.5,390.75,391.0,74,129,201,137,160,136,334,181,111,112,92,1577370871800711833,20191226,388.0,387.5,387.25,387.0,386.75,386.5,386.25,386.0,385.75,385.5,385.25,7,8,5,70,1,68,56,198,221,77,114,389.0,389.25,389.5,389.75,390.0,390.25,390.5,390.75,391.0,391.25,391.5,27,7,26,86,278,66,1389,58,1100,68,94
1577370882858005621,20191226143442858005621,20191226,388.25,388.0,387.75,387.5,387.25,387.0,386.75,386.5,386.25,386.0,385.75,106,179,188,135,205,268,117,111,189,147,71,388.5,388.75,389.0,389.25,389.5,389.75,390.0,390.25,390.5,390.75,391.0,68,145,203,145,151,136,334,181,111,112,92,1577370882858005621,20191226,388.0,387.5,387.25,387.0,386.75,386.5,386.25,386.0,385.75,385.5,385.25,7,8,5,70,1,68,56,198,221,77,114,389.0,389.25,389.5,389.75,390.0,390.25,390.5,390.75,391.0,391.25,391.5,27,7,26,86,278,66,1389,58,1100,68,94
1577370890502875723,20191226143450502875723,20191226,388.25,388.0,387.75,387.5,387.25,387.0,386.75,386.5,386.25,386.0,385.75,66,179,188,135,225,250,119,115,191,145,67,388.5,388.75,389.0,389.25,389.5,389.75,390.0,390.25,390.5,390.75,391.0,68,146,205,146,147,149,336,181,109,110,92,1577370890502875723,20191226,388.0,387.5,387.25,387.0,386.75,386.5,386.25,386.0,385.75,385.5,385.25,7,8,5,70,1,68,56,198,221,77,114,389.0,389.25,389.5,389.75,390.0,390.25,390.5,390.75,391.0,391.25,391.5,27,7,26,86,278,66,1389,58,1100,68,94
1577370903207089119,20191226143503207089119,20191226,388.25,388.0,387.75,387.5,387.25,387.0,386.75,386.5,386.25,386.0,385.75,96,179,193,136,225,250,121,114,189,143,75,388.5,388.75,389.0,389.25,389.5,389.75,390.0,390.25,390.5,390.75,391.0,69,146,204,146,152,149,335,181,109,110,96,1577370903207089119,20191226,388.0,387.5,387.25,387.0,386.75,386.5,386.25,386.0,385.75,385.5,385.25,7,8,5,70,1,68,56,198,221,77,114,389.0,389.25,389.5,389.75,390.0,390.25,390.5,390.75,391.0,391.25,391.5,27,7,26,86,278,66,1389,58,1100,68,94
1577370916908072091,20191226143516908072091,20191226,388.5,388.25,388.0,387.75,387.5,387.25,387.0,386.75,386.5,386.25,386.0,43,129,221,202,136,225,250,121,114,189,144,388.75,389.0,389.25,389.5,389.75,390.0,390.25,390.5,390.75,391.0,391.25,93,182,137,292,149,335,184,111,112,92,97,1577370916908072091,20191226,388.0,387.5,387.25,387.0,386.75,386.5,386.25,386.0,385.75,385.5,385.25,7,8,5,70,1,68,56,198,221,77,114,389.0,389.25,389.5,389.75,390.0,390.25,390.5,390.75,391.0,391.25,391.5,27,7,26,86,278,66,1389,58,1100,68,94
1577370927373001269,20191226143527373001269,20191226,388.25,388.0,387.75,387.5,387.25,387.0,386.75,386.5,386.25,386.0,385.75,77,209,212,136,207,250,122,114,189,146,71,388.5,388.75,389.0,389.25,389.5,389.75,390.0,390.25,390.5,390.75,391.0,42,267,202,147,293,149,336,184,111,114,92,1577370927373001269,20191226,388.0,387.5,387.25,387.0,386.75,386.5,386.25,386.0,385.75,385.5,385.25,7,8,5,70,1,68,56,198,221,77,114,389.0,389.25,389.5,389.75,390.0,390.25,390.5,390.75,391.0,391.25,391.5,27,7,26,86,278,66,1389,58,1100,68,94
1577370939965829141,20191226143539965829141,20191226,388.0,387.75,387.5,387.25,387.0,386.75,386.5,386.25,386.0,385.75,385.5,326,165,146,207,250,122,114,189,146,71,144,388.25,388.5,388.75,389.0,389.25,389.5,389.75,390.0,390.25,390.5,390.75,23,135,171,203,146,332,151,336,184,111,114,1577370939965829141,20191226,388.0,387.5,387.25,387.0,386.75,386.5,386.25,386.0,385.75,385.5,385.25,7,8,5,70,1,68,56,198,221,77,114,389.0,389.25,389.5,389.75,390.0,390.25,390.5,390.75,391.0,391.25,391.5,27,7,26,86,278,66,1389,58,1100,68,94
1577370942390079111,20191226143542390079111,20191226,388.0,387.75,387.5,387.25,387.0,386.75,386.5,386.25,386.0,385.75,385.5,345,169,147,207,250,123,114,189,146,71,144,388.25,388.5,388.75,389.0,389.25,389.5,389.75,390.0,390.25,390.5,390.75,31,213,195,212,146,332,159,336,184,111,114,1577370942390079111,20191226,388.0,387.5,387.25,387.0,386.75,386.5,386.25,386.0,385.75,385.5,385.25,7,8,5,70,1,68,56,198,221,77,114,389.0,389.25,389.5,389.75,390.0,390.25,390.5,390.75,391.0,391.25,391.5,27,7,26,86,278,66,1389,58,1100,68,94
1577370957547689147,20191226143557547689147,20191226,388.0,387.75,387.5,387.25,387.0,386.75,386.5,386.25,386.0,385.75,385.5,119,171,154,215,252,120,116,191,148,74,154,388.25,388.5,388.75,389.0,389.25,389.5,389.75,390.0,390.25,390.5,390.75,201,149,147,226,148,355,161,339,186,113,116,1577370957547689147,20191226,388.0,387.5,387.25,387.0,386.75,386.5,386.25,386.0,385.75,385.5,385.25,7,8,5,70,1,68,56,198,221,77,114,389.0,389.25,389.5,389.75,390.0,390.25,390.5,390.75,391.0,391.25,391.5,27,7,26,86,278,66,1389,58,1100,68,94
1577370960185628757,20191226143600185628757,20191226,388.0,387.75,387.5,387.25,387.0,386.75,386.5,386.25,386.0,385.75,385.5,121,151,154,215,272,120,116,191,148,74,154,388.25,388.5,388.75,389.0,389.25,389.5,389.75,390.0,390.25,390.5,390.75,196,149,147,226,148,355,161,339,186,113,116,1577370960185628757,20191226,388.0,387.5,387.25,387.0,386.75,386.5,386.25,386.0,385.75,385.5,385.25,7,8,5,70,1,68,56,198,221,77,114,389.0,389.25,389.5,389.75,390.0,390.25,390.5,390.75,391.0,391.25,391.5,27,7,26,86,278,66,1389,58,1100,68,94
1577370978895150267,20191226143618895150267,20191226,387.75,387.5,387.25,387.0,386.75,386.5,386.25,386.0,385.75,385.5,385.25,127,113,201,292,120,117,191,148,74,154,81,388.0,388.25,388.5,388.75,389.0,389.25,389.5,389.75,390.0,390.25,390.5,107,164,157,158,226,148,355,161,339,186,113,1577370978895150267,20191226,387.5,387.25,387.0,386.75,386.5,386.25,386.0,385.75,385.5,385.25,385.0,8,5,65,1,68,55,198,221,77,114,641,389.0,389.25,389.5,389.75,390.0,390.25,390.5,390.75,391.0,391.25,391.5,27,7,26,86,278,66,1389,58,1100,68,94
1577370981279266447,20191226143621279266447,20191226,387.5,387.25,387.0,386.75,386.5,386.25,386.0,385.75,385.5,385.25,385.0,67,173,283,119,117,192,146,74,154,81,182,387.75,388.0,388.25,388.5,388.75,389.0,389.25,389.5,389.75,390.0,390.25,176,155,184,181,176,231,155,355,161,339,186,1577370981279266447,20191226,387.25,387.0,386.75,386.5,386.25,386.0,385.75,385.5,385.25,385.0,384.75,5,65,1,68,55,198,221,77,114,641,41,389.0,389.25,389.5,389.75,390.0,390.25,390.5,390.75,391.0,391.25,391.5,27,7,26,86,278,66,1389,58,1100,68,94
1577370995220472709,20191226143635220472709,20191226,387.5,387.25,387.0,386.75,386.5,386.25,386.0,385.75,385.5,385.25,385.0,66,173,289,119,117,192,146,74,154,81,182,387.75,388.0,388.25,388.5,388.75,389.0,389.25,389.5,389.75,390.0,390.25,104,252,137,182,178,232,155,355,161,339,186,1577370995220472709,20191226,387.25,387.0,386.75,386.5,386.25,386.0,385.75,385.5,385.25,385.0,384.75,5,65,1,68,55,198,221,77,114,641,41,389.0,389.25,389.5,389.75,390.0,390.25,390.5,390.75,391.0,391.25,391.5,27,7,26,86,278,66,1389,58,1100,68,94
1577371008217740201,20191226143648217740201,20191226,387.5,387.25,387.0,386.75,386.5,386.25,386.0,385.75,385.5,385.25,385.0,87,179,294,124,122,197,151,79,154,81,182,387.75,388.0,388.25,388.5,388.75,389.0,389.25,389.5,389.75,390.0,390.25,113,249,119,179,178,232,155,355,161,339,186,1577371008217740201,20191226,387.25,387.0,386.75,386.5,386.25,386.0,385.75,385.5,385.25,385.0,384.75,5,65,1,68,55,198,221,77,114,641,41,389.0,389.25,389.5,389.75,390.0,390.25,390.5,390.75,391.0,391.25,391.5,27,7,26,86,278,66,1389,58,1100,68,94
1577371012599206135,20191226143652599206135,20191226,387.75,387.5,387.25,387.0,386.75,386.5,386.25,386.0,385.75,385.5,385.25,62,146,123,384,124,122,197,151,79,154,81,388.0,388.25,388.5,388.75,389.0,389.25,389.5,389.75,390.0,390.25,390.5,80,101,170,178,277,155,355,161,339,186,113,1577371012599206135,20191226,387.25,387.0,386.75,386.5,386.25,386.0,385.75,385.5,385.25,385.0,384.75,5,65,1,68,55,198,221,77,114,641,41,389.0,389.25,389.5,389.75,390.0,390.25,390.5,390.75,391.0,391.25,391.5,27,7,26,86,278,66,1389,58,1100,68,94
1577371022797274537,20191226143702797274537,20191226,387.75,387.5,387.25,387.0,386.75,386.5,386.25,386.0,385.75,385.5,385.25,113,153,123,384,164,122,197,151,79,154,81,388.0,388.25,388.5,388.75,389.0,389.25,389.5,389.75,390.0,390.25,390.5,80,100,181,181,277,200,400,161,339,186,112,1577371022797274537,20191226,387.25,387.0,386.75,386.5,386.25,386.0,385.75,385.5,385.25,385.0,384.75,5,65,1,68,55,198,221,77,114,641,41,389.0,389.25,389.5,389.75,390.0,390.25,390.5,390.75,391.0,391.25,391.5,27,7,26,86,278,66,1390,58,1100,68,94
1577371038482985713,20191226143718482985713,20191226,388.0,387.75,387.5,387.25,387.0,386.75,386.5,386.25,386.0,385.75,385.5,117,124,179,134,384,164,122,198,151,80,154,388.25,388.5,388.75,389.0,389.25,389.5,389.75,390.0,390.25,390.5,390.75,43,161,177,302,186,392,199,384,186,112,116,1577371038482985713,20191226,387.25,387.0,386.75,386.5,386.25,386.0,385.75,385.5,385.25,385.0,384.75,5,65,1,68,55,198,221,77,114,641,41,389.0,389.25,389.5,389.75,390.0,390.25,390.5,390.75,391.0,391.25,391.5,27,7,26,86,278,66,1390,58,1100,68,94
1577371040865970335,20191226143720865970335,20191226,388.0,387.75,387.5,387.25,387.0,386.75,386.5,386.25,386.0,385.75,385.5,115,126,186,144,384,165,122,198,151,80,154,388.25,388.5,388.75,389.0,389.25,389.5,389.75,390.0,390.25,390.5,390.75,44,160,176,301,186,392,199,384,186,112,116,1577371040865970335,20191226,387.25,387.0,386.75,386.5,386.25,386.0,385.75,385.5,385.25,385.0,384.75,5,65,1,68,55,198,221,77,114,641,41,389.0,389.25,389.5,389.75,390.0,390.25,390.5,390.75,391.0,391.25,391.5,27,7,26,86,278,66,1390,58,1100,68,94
1577371052698184863,20191226143732698184863,20191226,388.0,387.75,387.5,387.25,387.0,386.75,386.5,386.25,386.0,385.75,385.5,125,124,187,143,393,175,122,198,152,80,154,388.25,388.5,388.75,389.0,389.25,389.5,389.75,390.0,390.25,390.5,390.75,48,312,159,305,170,392,199,384,186,112,116,1577371052698184863,20191226,387.25,387.0,386.75,386.5,386.25,386.0,385.75,385.5,385.25,385.0,384.75,5,65,1,68,55,198,221,77,114,641,41,389.0,389.25,389.5,389.75,390.0,390.25,390.5,390.75,391.0,391.25,391.5,27,7,26,86,278,66,1390,58,1100,68,94
1577371063583956361,20191226143743583956361,20191226,388.0,387.75,387.5,387.25,387.0,386.75,386.5,386.25,386.0,385.75,385.5,61,126,287,143,293,175,122,198,152,80,154,388.25,388.5,388.75,389.0,389.25,389.5,389.75,390.0,390.25,390.5,390.75,81,152,281,391,260,482,289,384,186,112,116,1577371063583956361,20191226,387.25,387.0,386.75,386.5,386.25,386.0,385.75,385.5,385.25,385.0,384.75,5,65,1,68,55,198,221,77,114,641,41,389.0,389.25,389.5,389.75,390.0,390.25,390.5,390.75,391.0,391.25,391.5,27,7,26,86,278,66,1390,58,1100,68,94
1577371071229009003,20191226143751229009003,20191226,388.0,387.75,387.5,387.25,387.0,386.75,386.5,386.25,386.0,385.75,385.5,275,127,295,142,293,175,122,198,152,80,154,388.25,388.5,388.75,389.0,389.25,389.5,389.75,390.0,390.25,390.5,390.75,57,152,281,391,260,482,289,474,186,112,116,1577371071229009003,20191226,387.25,387.0,386.75,386.5,386.25,386.0,385.75,385.5,385.25,385.0,384.75,5,65,1,68,55,198,221,77,114,641,41,389.0,389.25,389.5,389.75,390.0,390.25,390.5,390.75,391.0,391.25,391.5,27,7,26,86,278,66,1390,58,1100,68,94
1577371080953547023,20191226143800953547023,20191226,388.0,387.75,387.5,387.25,387.0,386.75,386.5,386.25,386.0,385.75,385.5,282,137,295,142,293,175,122,210,152,92,154,388.25,388.5,388.75,389.0,389.25,389.5,389.75,390.0,390.25,390.5,390.75,44,156,281,391,260,482,289,486,186,124,116,1577371080953547023,20191226,387.25,387.0,386.75,386.5,386.25,386.0,385.75,385.5,385.25,385.0,384.75,5,65,1,68,55,198,221,77,114,641,41,389.0,389.25,389.5,389.75,390.0,390.25,390.5,390.75,391.0,391.25,391.5,27,7,26,86,278,66,1390,58,1100,68,94
1577371092970281765,20191226143812970281765,20191226,388.0,387.75,387.5,387.25,387.0,386.75,386.5,386.25,386.0,385.75,385.5,115,136,294,142,293,175,122,210,152,93,154,388.25,388.5,388.75,389.0,389.25,389.5,389.75,390.0,390.25,390.5,390.75,84,155,281,391,260,482,289,490,186,124,116,1577371092970281765,20191226,387.25,387.0,386.75,386.5,386.25,386.0,385.75,385.5,385.25,385.0,384.75,5,65,1,68,55,198,221,77,114,641,41,389.0,389.25,389.5,389.75,390.0,390.25,390.5,390.75,391.0,391.25,391.5,27,7,26,86,278,66,1390,58,1100,68,94
1577371101031068013,20191226143821031068013,20191226,388.0,387.75,387.5,387.25,387.0,386.75,386.5,386.25,386.0,385.75,385.5,58,135,294,142,293,175,122,210,152,93,154,388.25,388.5,388.75,389.0,389.25,389.5,389.75,390.0,390.25,390.5,390.75,92,155,281,392,260,482,289,490,186,124,116,1577371101031068013,20191226,387.25,387.0,386.75,386.5,386.25,386.0,385.75,385.5,385.25,385.0,384.75,5,65,1,68,55,198,221,77,114,641,41,389.0,389.25,389.5,389.75,390.0,390.25,390.5,390.75,391.0,391.25,391.5,27,7,26,86,278,66,1390,58,1100,68,94
1577371112129162125,20191226143832129162125,20191226,387.75,387.5,387.25,387.0,386.75,386.5,386.25,386.0,385.75,385.5,385.25,237,275,132,293,175,122,210,152,93,155,94,388.0,388.25,388.5,388.75,389.0,389.25,389.5,389.75,390.0,390.25,390.5,8,154,180,301,391,260,482,289,490,186,124,1577371112129162125,20191226,387.25,387.0,386.75,386.5,386.25,386.0,385.75,385.5,385.25,385.0,384.75,5,65,1,68,55,198,221,77,114,641,41,389.0,389.25,389.5,389.75,390.0,390.25,390.5,390.75,391.0,391.25,391.5,27,7,26,86,278,66,1390,58,1100,68,94
1577371128967853427,20191226143848967853427,20191226,388.0,387.75,387.5,387.25,387.0,386.75,386.5,386.25,386.0,385.75,385.5,116,131,314,146,292,174,122,210,154,93,155,388.25,388.5,388.75,389.0,389.25,389.5,389.75,390.0,390.25,390.5,390.75,57,161,281,391,260,448,288,490,186,126,116,1577371128967853427,20191226,387.25,387.0,386.75,386.5,386.25,386.0,385.75,385.5,385.25,385.0,384.75,5,65,1,68,55,198,221,77,114,641,41,389.0,389.25,389.5,389.75,390.0,390.25,390.5,390.75,391.0,391.25,391.5,27,7,26,86,278,66,1390,58,1100,68,94
1577371138817643695,20191226143858817643695,20191226,388.0,387.75,387.5,387.25,387.0,386.75,386.5,386.25,386.0,385.75,385.5,195,130,314,146,292,174,122,210,154,93,155,388.25,388.5,388.75,389.0,389.25,389.5,389.75,390.0,390.25,390.5,390.75,27,258,261,386,260,448,288,490,186,126,116,1577371138817643695,20191226,387.25,387.0,386.75,386.5,386.25,386.0,385.75,385.5,385.25,385.0,384.75,5,65,1,68,55,198,221,77,114,641,41,389.0,389.25,389.5,389.75,390.0,390.25,390.5,390.75,391.0,391.25,391.5,27,7,26,86,278,66,1390,58,1100,68,94
1577371143069505713,20191226143903069505713,20191226,388.0,387.75,387.5,387.25,387.0,386.75,386.5,386.25,386.0,385.75,385.5,48,139,315,146,292,174,122,210,154,93,155,388.25,388.5,388.75,389.0,389.25,389.5,389.75,390.0,390.25,390.5,390.75,51,177,283,386,260,448,288,490,186,126,116,1577371143069505713,20191226,387.25,387.0,386.75,386.5,386.25,386.0,385.75,385.5,385.25,385.0,384.75,5,65,1,68,55,198,221,77,114,641,41,389.0,389.25,389.5,389.75,390.0,390.25,390.5,390.75,391.0,391.25,391.5,27,7,26,86,278,66,1390,58,1100,68,94
1577371154398930483,20191226143914398930483,20191226,388.0,387.75,387.5,387.25,387.0,386.75,386.5,386.25,386.0,385.75,385.5,36,135,319,146,292,174,122,210,154,93,155,388.25,388.5,388.75,389.0,389.25,389.5,389.75,390.0,390.25,390.5,390.75,104,183,283,387,260,448,293,475,186,126,116,1577371154398930483,20191226,387.25,387.0,386.75,386.5,386.25,386.0,385.75,385.5,385.25,385.0,384.75,5,65,1,68,55,198,221,77,114,641,41,389.0,389.25,389.5,389.75,390.0,390.25,390.5,390.75,391.0,391.25,391.5,27,7,26,86,278,66,1390,58,1100,68,94
1577371162156987763,20191226143922156987763,20191226,388.0,387.75,387.5,387.25,387.0,386.75,386.5,386.25,386.0,385.75,385.5,35,141,325,149,293,174,122,210,154,93,155,388.25,388.5,388.75,389.0,389.25,389.5,389.75,390.0,390.25,390.5,390.75,66,177,283,387,260,448,293,475,186,126,116,1577371162156987763,20191226,387.25,387.0,386.75,386.5,386.25,386.0,385.75,385.5,385.25,385.0,384.75,5,65,1,68,55,198,221,77,114,641,41,389.0,389.25,389.5,389.75,390.0,390.25,390.5,390.75,391.0,391.25,391.5,27,7,26,86,278,66,1390,58,1100,68,94
1577371177000377513,20191226143937000377513,20191226,387.75,387.5,387.25,387.0,386.75,386.5,386.25,386.0,385.75,385.5,385.25,137,321,146,292,174,122,210,154,93,155,98,388.0,388.25,388.5,388.75,389.0,389.25,389.5,389.75,390.0,390.25,390.5,9,129,181,282,386,260,448,293,475,186,126,1577371177000377513,20191226,387.25,387.0,386.75,386.5,386.25,386.0,385.75,385.5,385.25,385.0,384.75,5,65,1,68,55,198,221,77,114,641,41,389.0,389.25,389.5,389.75,390.0,390.25,390.5,390.75,391.0,391.25,391.5,27,7,26,86,278,66,1390,58,1100,68,94
1577371181993562281,20191226143941993562281,20191226,387.75,387.5,387.25,387.0,386.75,386.5,386.25,386.0,385.75,385.5,385.25,43,299,137,292,174,128,210,154,93,151,98,388.0,388.25,388.5,388.75,389.0,389.25,389.5,389.75,390.0,390.25,390.5,144,141,210,301,385,260,448,293,475,186,126,1577371181993562281,20191226,387.25,387.0,386.75,386.5,386.25,386.0,385.75,385.5,385.25,385.0,384.75,5,65,1,72,55,198,221,81,114,641,41,389.0,389.25,389.5,389.75,390.0,390.25,390.5,390.75,391.0,391.25,391.5,27,7,26,86,278,66,1390,58,1100,68,94
1577371190507063671,20191226143950507063671,20191226,387.75,387.5,387.25,387.0,386.75,386.5,386.25,386.0,385.75,385.5,385.25,55,299,137,292,180,128,210,154,93,151,98,388.0,388.25,388.5,388.75,389.0,389.25,389.5,389.75,390.0,390.25,390.5,89,142,210,300,385,260,448,293,475,186,126,1577371190507063671,20191226,387.25,387.0,386.75,386.5,386.25,386.0,385.75,385.5,385.25,385.0,384.75,5,65,1,72,55,198,221,81,114,641,41,389.0,389.25,389.5,389.75,390.0,390.25,390.5,390.75,391.0,391.25,391.5,27,7,26,86,278,66,1390,58,1100,68,94
1577371200769886307,20191226144000769886307,20191226,387.75,387.5,387.25,387.0,386.75,386.5,386.25,386.0,385.75,385.5,385.25,96,315,133,292,180,128,210,154,93,151,98,388.0,388.25,388.5,388.75,389.0,389.25,389.5,389.75,390.0,390.25,390.5,76,122,210,300,384,261,448,293,475,186,126,1577371200769886307,20191226,387.25,387.0,386.75,386.5,386.25,386.0,385.75,385.5,385.25,385.0,384.75,5,65,1,72,55,198,221,81,114,641,41,389.0,389.25,389.5,389.75,390.0,390.25,390.5,390.75,391.0,391.25,391.5,27,7,26,86,278,66,1390,58,1100,68,94
1577371211788893543,20191226144011788893543,20191226,387.75,387.5,387.25,387.0,386.75,386.5,386.25,386.0,385.75,385.5,385.25,112,417,132,292,180,128,210,154,93,151,98,388.0,388.25,388.5,388.75,389.0,389.25,389.5,389.75,390.0,390.25,390.5,93,124,209,300,384,264,448,293,475,186,126,1577371211788893543,20191226,387.25,387.0,386.75,386.5,386.25,386.0,385.75,385.5,385.25,385.0,384.75,5,65,1,72,55,198,221,81,114,641,41,389.0,389.25,389.5,389.75,390.0,390.25,390.5,390.75,391.0,391.25,391.5,27,7,26,86,278,66,1390,58,1100,68,94
1577371225294833943,20191226144025294833943,20191226,387.75,387.5,387.25,387.0,386.75,386.5,386.25,386.0,385.75,385.5,385.25,70,416,144,292,180,136,210,154,93,151,98,388.0,388.25,388.5,388.75,389.0,389.25,389.5,389.75,390.0,390.25,390.5,106,118,210,300,384,263,448,293,475,188,126,1577371225294833943,20191226,387.25,387.0,386.75,386.5,386.25,386.0,385.75,385.5,385.25,385.0,384.75,5,65,1,72,55,198,221,81,114,641,41,389.0,389.25,389.5,389.75,390.0,390.25,390.5,390.75,391.0,391.25,391.5,27,7,26,86,278,66,1390,58,1100,68,94
1577371239062121325,20191226144039062121325,20191226,387.75,387.5,387.25,387.0,386.75,386.5,386.25,386.0,385.75,385.5,385.25,61,421,158,317,194,150,210,168,93,165,98,388.0,388.25,388.5,388.75,389.0,389.25,389.5,389.75,390.0,390.25,390.5,106,134,228,314,398,277,462,307,475,202,126,1577371239062121325,20191226,387.25,387.0,386.75,386.5,386.25,386.0,385.75,385.5,385.25,385.0,384.75,5,65,1,72,55,198,221,81,114,641,41,389.0,389.25,389.5,389.75,390.0,390.25,390.5,390.75,391.0,391.25,391.5,27,7,26,86,278,66,1390,58,1100,68,94
1577371241122472241,20191226144041122472241,20191226,387.75,387.5,387.25,387.0,386.75,386.5,386.25,386.0,385.75,385.5,385.25,32,420,158,317,194,150,210,168,93,165,98,388.0,388.25,388.5,388.75,389.0,389.25,389.5,389.75,390.0,390.25,390.5,260,134,228,314,398,277,462,307,475,202,126,1577371241122472241,20191226,387.25,387.0,386.75,386.5,386.25,386.0,385.75,385.5,385.25,385.0,384.75,5,65,1,72,55,198,221,81,114,641,41,389.0,389.25,389.5,389.75,390.0,390.25,390.5,390.75,391.0,391.25,391.5,27,7,26,86,278,66,1390,58,1100,68,94
1577371250186684489,20191226144050186684489,20191226,387.5,387.25,387.0,386.75,386.5,386.25,386.0,385.75,385.5,385.25,385.0,529,131,307,194,150,210,168,93,165,98,201,387.75,388.0,388.25,388.5,388.75,389.0,389.25,389.5,389.75,390.0,390.25,31,162,159,237,314,399,276,462,307,475,202,1577371250186684489,20191226,387.25,387.0,386.75,386.5,386.25,386.0,385.75,385.5,385.25,385.0,384.75,5,65,1,72,55,198,221,81,114,641,41,389.0,389.25,389.5,389.75,390.0,390.25,390.5,390.75,391.0,391.25,391.5,27,7,26,86,278,66,1390,58,1100,68,94
1577371265153100595,20191226144105153100595,20191226,387.75,387.5,387.25,387.0,386.75,386.5,386.25,386.0,385.75,385.5,385.25,11,420,159,316,200,150,210,168,87,165,98,388.0,388.25,388.5,388.75,389.0,389.25,389.5,389.75,390.0,390.25,390.5,306,134,228,314,399,276,462,307,475,202,126,1577371265153100595,20191226,387.25,387.0,386.75,386.5,386.25,386.0,385.75,385.5,385.25,385.0,384.75,5,65,1,72,55,198,227,81,114,641,41,389.0,389.25,389.5,389.75,390.0,390.25,390.5,390.75,391.0,391.25,391.5,27,7,26,86,278,66,1390,58,1100,68,94
1577371274391331375,20191226144114391331375,20191226,387.75,387.5,387.25,387.0,386.75,386.5,386.25,386.0,385.75,385.5,385.25,35,441,157,315,200,150,210,168,87,165,98,388.0,388.25,388.5,388.75,389.0,389.25,389.5,389.75,390.0,390.25,390.5,107,134,227,314,400,276,462,307,475,202,126,1577371274391331375,20191226,387.25,387.0,386.75,386.5,386.25,386.0,385.75,385.5,385.25,385.0,384.75,5,65,1,72,55,198,227,81,114,641,41,389.0,389.25,389.5,389.75,390.0,390.25,390.5,390.75,391.0,391.25,391.5,27,7,26,86,278,66,1390,58,1100,68,94
1577371281275106073,20191226144121275106073,20191226,387.75,387.5,387.25,387.0,386.75,386.5,386.25,386.0,385.75,385.5,385.25,115,443,160,318,203,152,214,171,90,168,101,388.0,388.25,388.5,388.75,389.0,389.25,389.5,389.75,390.0,390.25,390.5,101,137,229,317,403,279,465,310,478,205,129,1577371281275106073,20191226,387.25,387.0,386.75,386.5,386.25,386.0,385.75,385.5,385.25,385.0,384.75,5,65,1,72,55,198,227,81,114,641,41,389.0,389.25,389.5,389.75,390.0,390.25,390.5,390.75,391.0,391.25,391.5,27,7,26,86,278,66,1390,58,1100,68,94
1577371294129177571,20191226144134129177571,20191226,387.75,387.5,387.25,387.0,386.75,386.5,386.25,386.0,385.75,385.5,385.25,109,473,160,318,203,152,214,170,93,168,102,388.0,388.25,388.5,388.75,389.0,389.25,389.5,389.75,390.0,390.25,390.5,101,137,229,321,403,279,465,310,482,205,129,1577371294129177571,20191226,387.25,387.0,386.75,386.5,386.25,386.0,385.75,385.5,385.25,385.0,384.75,5,65,1,72,55,198,227,81,114,641,41,389.0,389.25,389.5,389.75,390.0,390.25,390.5,390.75,391.0,391.25,391.5,27,7,26,86,278,66,1390,58,1100,68,94
1577371309252256729,20191226144149252256729,20191226,387.75,387.5,387.25,387.0,386.75,386.5,386.25,386.0,385.75,385.5,385.25,118,473,161,319,203,152,214,170,93,168,102,388.0,388.25,388.5,388.75,389.0,389.25,389.5,389.75,390.0,390.25,390.5,92,157,229,321,403,279,465,310,482,205,129,1577371309252256729,20191226,387.25,387.0,386.75,386.5,386.25,386.0,385.75,385.5,385.25,385.0,384.75,5,65,1,72,55,198,227,81,114,641,41,389.0,389.25,389.5,389.75,390.0,390.25,390.5,390.75,391.0,391.25,391.5,27,7,26,86,278,66,1390,58,1100,68,94
1577371315141150563,20191226144155141150563,20191226,387.75,387.5,387.25,387.0,386.75,386.5,386.25,386.0,385.75,385.5,385.25,113,492,156,319,203,152,214,170,93,168,102,388.0,388.25,388.5,388.75,389.0,389.25,389.5,389.75,390.0,390.25,390.5,104,138,229,321,403,279,465,310,482,205,129,1577371315141150563,20191226,387.25,387.0,386.75,386.5,386.25,386.0,385.75,385.5,385.25,385.0,384.75,5,65,1,72,55,198,227,81,114,641,41,389.0,389.25,389.5,389.75,390.0,390.25,390.5,390.75,391.0,391.25,391.5,27,7,26,86,278,66,1390,58,1100,68,94
1577371324152026385,20191226144204152026385,20191226,387.75,387.5,387.25,387.0,386.75,386.5,386.25,386.0,385.75,385.5,385.25,101,491,156,319,203,152,214,170,93,168,102,388.0,388.25,388.5,388.75,389.0,389.25,389.5,389.75,390.0,390.25,390.5,104,138,230,321,403,279,465,310,482,205,129,1577371324152026385,20191226,387.25,387.0,386.75,386.5,386.25,386.0,385.75,385.5,385.25,385.0,384.75,5,65,1,72,55,198,227,81,114,641,41,389.0,389.25,389.5,389.75,390.0,390.25,390.5,390.75,391.0,391.25,391.5,27,7,26,86,278,66,1390,58,1100,68,94
1577371338900427133,20191226144218900427133,20191226,387.5,387.25,387.0,386.75,386.5,386.25,386.0,385.75,385.5,385.25,385.0,677,131,310,203,152,214,170,93,168,102,203,387.75,388.0,388.25,388.5,388.75,389.0,389.25,389.5,389.75,390.0,390.25,21,164,161,240,321,403,279,465,310,482,205,1577371338900427133,20191226,387.25,387.0,386.75,386.5,386.25,386.0,385.75,385.5,385.25,385.0,384.75,5,65,1,72,55,198,227,81,114,641,41,389.0,389.25,389.5,389.75,390.0,390.25,390.5,390.75,391.0,391.25,391.5,27,7,26,86,278,66,1390,58,1100,68,94
1577371340024173073,20191226144220024173073,20191226,387.5,387.25,387.0,386.75,386.5,386.25,386.0,385.75,385.5,385.25,385.0,677,131,310,203,152,214,170,93,168,102,203,387.75,388.0,388.25,388.5,388.75,389.0,389.25,389.5,389.75,390.0,390.25,43,166,161,240,321,403,279,465,310,482,205,1577371340024173073,20191226,387.25,387.0,386.75,386.5,386.25,386.0,385.75,385.5,385.25,385.0,384.75,5,65,1,72,55,198,227,81,114,641,41,389.0,389.25,389.5,389.75,390.0,390.25,390.5,390.75,391.0,391.25,391.5,27,7,26,86,278,66,1390,58,1100,68,94
1577371350175319583,20191226144230175319583,20191226,387.75,387.5,387.25,387.0,386.75,386.5,386.25,386.0,385.75,385.5,385.25,41,486,156,319,203,152,224,170,93,168,102,388.0,388.25,388.5,388.75,389.0,389.25,389.5,389.75,390.0,390.25,390.5,273,138,230,321,403,279,465,310,482,205,129,1577371350175319583,20191226,387.25,387.0,386.75,386.5,386.25,386.0,385.75,385.5,385.25,385.0,384.75,5,65,1,72,55,198,227,81,114,641,41,389.0,389.25,389.5,389.75,390.0,390.25,390.5,390.75,391.0,391.25,391.5,27,7,26,86,278,66,1390,58,1100,68,94
1577371361638410471,20191226144241638410471,20191226,387.5,387.25,387.0,386.75,386.5,386.25,386.0,385.75,385.5,385.25,385.0,635,129,310,203,152,224,170,93,168,102,203,387.75,388.0,388.25,388.5,388.75,389.0,389.25,389.5,389.75,390.0,390.25,33,270,165,239,321,403,279,465,310,482,205,1577371361638410471,20191226,387.25,387.0,386.75,386.5,386.25,386.0,385.75,385.5,385.25,385.0,384.75,5,65,1,72,55,198,227,81,114,641,41,389.0,389.25,389.5,389.75,390.0,390.25,390.5,390.75,391.0,391.25,391.5,27,7,26,86,278,66,1390,58,1100,68,94
1577371377440511181,20191226144257440511181,20191226,387.75,387.5,387.25,387.0,386.75,386.5,386.25,386.0,385.75,385.5,385.25,119,538,149,320,203,152,224,170,93,168,102,388.0,388.25,388.5,388.75,389.0,389.25,389.5,389.75,390.0,390.25,390.5,96,137,231,322,403,279,465,310,482,205,129,1577371377440511181,20191226,387.25,387.0,386.75,386.5,386.25,386.0,385.75,385.5,385.25,385.0,384.75,5,65,1,72,55,198,227,81,114,641,41,389.0,389.25,389.5,389.75,390.0,390.25,390.5,390.75,391.0,391.25,391.5,27,7,26,86,278,66,1390,58,1100,68,94
1577371383241332225,20191226144303241332225,20191226,387.75,387.5,387.25,387.0,386.75,386.5,386.25,386.0,385.75,385.5,385.25,110,538,150,319,203,152,224,170,93,168,102,388.0,388.25,388.5,388.75,389.0,389.25,389.5,389.75,390.0,390.25,390.5,87,137,230,322,403,279,465,310,482,205,129,1577371383241332225,20191226,387.25,387.0,386.75,386.5,386.25,386.0,385.75,385.5,385.25,385.0,384.75,5,65,1,72,55,198,227,81,114,641,41,389.0,389.25,389.5,389.75,390.0,390.25,390.5,390.75,391.0,391.25,391.5,27,7,26,86,278,66,1390,58,1100,68,94
1577371391391407803,20191226144311391407803,20191226,387.75,387.5,387.25,387.0,386.75,386.5,386.25,386.0,385.75,385.5,385.25,101,538,150,319,203,152,224,167,93,168,102,388.0,388.25,388.5,388.75,389.0,389.25,389.5,389.75,390.0,390.25,390.5,99,137,230,322,405,279,465,310,482,205,129,1577371391391407803,20191226,387.0,386.75,386.5,386.25,386.0,385.75,385.5,385.25,385.0,384.75,384.5,65,1,72,55,201,227,81,114,641,41,86,389.0,389.25,389.5,389.75,390.0,390.25,390.5,390.75,391.0,391.25,391.5,27,7,26,86,278,66,1390,58,1100,68,94
1577371409566149547,20191226144329566149547,20191226,387.75,387.5,387.25,387.0,386.75,386.5,386.25,386.0,385.75,385.5,385.25,95,438,150,319,203,152,224,167,93,168,102,388.0,388.25,388.5,388.75,389.0,389.25,389.5,389.75,390.0,390.25,390.5,106,137,231,321,405,279,465,310,482,205,129,1577371409566149547,20191226,387.0,386.75,386.5,386.25,386.0,385.75,385.5,385.25,385.0,384.75,384.5,65,1,72,55,201,227,81,114,641,41,86,389.0,389.25,389.5,389.75,390.0,390.25,390.5,390.75,391.0,391.25,391.5,27,7,26,86,278,66,1390,58,1100,68,94
1577371418947961741,20191226144338947961741,20191226,387.75,387.5,387.25,387.0,386.75,386.5,386.25,386.0,385.75,385.5,385.25,93,438,150,319,203,152,224,167,93,168,102,388.0,388.25,388.5,388.75,389.0,389.25,389.5,389.75,390.0,390.25,390.5,94,137,231,321,405,279,465,310,482,205,129,1577371418947961741,20191226,387.0,386.75,386.5,386.25,386.0,385.75,385.5,385.25,385.0,384.75,384.5,65,1,72,55,201,227,81,114,641,41,86,389.0,389.25,389.5,389.75,390.0,390.25,390.5,390.75,391.0,391.25,391.5,27,7,26,86,278,66,1390,58,1100,68,94
1577371424906059631,20191226144344906059631,20191226,387.5,387.25,387.0,386.75,386.5,386.25,386.0,385.75,385.5,385.25,385.0,606,131,309,203,152,224,167,93,168,102,204,387.75,388.0,388.25,388.5,388.75,389.0,389.25,389.5,389.75,390.0,390.25,65,170,161,240,320,405,279,465,310,482,205,1577371424906059631,20191226,387.0,386.75,386.5,386.25,386.0,385.75,385.5,385.25,385.0,384.75,384.5,65,1,72,55,201,227,81,114,641,41,86,389.0,389.25,389.5,389.75,390.0,390.25,390.5,390.75,391.0,391.25,391.5,27,7,26,86,278,66,1390,58,1100,68,94
1577371432039235971,20191226144352039235971,20191226,387.5,387.25,387.0,386.75,386.5,386.25,386.0,385.75,385.5,385.25,385.0,605,131,309,203,157,224,167,93,168,102,204,387.75,388.0,388.25,388.5,388.75,389.0,389.25,389.5,389.75,390.0,390.25,64,172,160,245,320,405,279,465,310,482,205,1577371432039235971,20191226,387.0,386.75,386.5,386.25,386.0,385.75,385.5,385.25,385.0,384.75,384.5,65,1,72,55,201,227,81,114,641,41,86,389.0,389.25,389.5,389.75,390.0,390.25,390.5,390.75,391.0,391.25,391.5,27,7,26,86,278,66,1390,58,1100,68,94
1577371440710890151,20191226144400710890151,20191226,387.5,387.25,387.0,386.75,386.5,386.25,386.0,385.75,385.5,385.25,385.0,702,131,309,203,157,224,167,93,168,103,204,387.75,388.0,388.25,388.5,388.75,389.0,389.25,389.5,389.75,390.0,390.25,69,174,160,245,320,407,279,465,310,482,205,1577371440710890151,20191226,387.0,386.75,386.5,386.25,386.0,385.75,385.5,385.25,385.0,384.75,384.5,65,1,72,55,201,227,81,114,641,41,86,389.0,389.25,389.5,389.75,390.0,390.25,390.5,390.75,391.0,391.25,391.5,27,7,26,86,278,66,1390,58,1100,68,94
1577371451142723485,20191226144411142723485,20191226,387.5,387.25,387.0,386.75,386.5,386.25,386.0,385.75,385.5,385.25,385.0,561,131,309,203,157,224,167,93,168,103,204,387.75,388.0,388.25,388.5,388.75,389.0,389.25,389.5,389.75,390.0,390.25,141,174,160,245,320,407,279,465,310,501,205,1577371451142723485,20191226,387.0,386.75,386.5,386.25,386.0,385.75,385.5,385.25,385.0,384.75,384.5,65,1,72,55,201,227,81,114,641,41,86,389.0,389.25,389.5,389.75,390.0,390.25,390.5,390.75,391.0,391.25,391.5,27,7,26,86,278,66,1390,58,1100,68,94
1577371460925013795,20191226144420925013795,20191226,387.75,387.5,387.25,387.0,386.75,386.5,386.25,386.0,385.75,385.5,385.25,37,404,151,319,203,157,224,167,93,168,103,388.0,388.25,388.5,388.75,389.0,389.25,389.5,389.75,390.0,390.25,390.5,154,137,236,320,407,279,465,310,501,205,129,1577371460925013795,20191226,387.0,386.75,386.5,386.25,386.0,385.75,385.5,385.25,385.0,384.75,384.5,65,1,72,55,201,227,81,114,641,41,86,389.0,389.25,389.5,389.75,390.0,390.25,390.5,390.75,391.0,391.25,391.5,27,7,26,86,278,66,1390,58,1100,68,94
1577371474032206147,20191226144434032206147,20191226,387.75,387.5,387.25,387.0,386.75,386.5,386.25,386.0,385.75,385.5,385.25,2,553,130,321,203,157,224,167,93,168,102,388.0,388.25,388.5,388.75,389.0,389.25,389.5,389.75,390.0,390.25,390.5,273,138,240,320,407,279,465,310,501,205,129,1577371474032206147,20191226,387.0,386.75,386.5,386.25,386.0,385.75,385.5,385.25,385.0,384.75,384.5,65,1,72,55,201,227,81,114,641,41,86,389.0,389.25,389.5,389.75,390.0,390.25,390.5,390.75,391.0,391.25,391.5,27,7,26,86,278,66,1390,58,1100,68,94
1577371482355875209,20191226144442355875209,20191226,387.5,387.25,387.0,386.75,386.5,386.25,386.0,385.75,385.5,385.25,385.0,549,131,319,203,157,224,167,89,168,102,204,387.75,388.0,388.25,388.5,388.75,389.0,389.25,389.5,389.75,390.0,390.25,30,187,180,250,320,403,279,465,310,501,205,1577371482355875209,20191226,387.0,386.75,386.5,386.25,386.0,385.75,385.5,385.25,385.0,384.75,384.5,65,1,72,55,201,227,81,114,641,41,86,389.0,389.25,389.5,389.75,390.0,390.25,390.5,390.75,391.0,391.25,391.5,27,7,26,86,278,66,1390,58,1100,68,94
1577371493983678109,20191226144453983678109,20191226,387.5,387.25,387.0,386.75,386.5,386.25,386.0,385.75,385.5,385.25,385.0,578,132,311,204,157,224,167,89,168,102,204,387.75,388.0,388.25,388.5,388.75,389.0,389.25,389.5,389.75,390.0,390.25,17,189,179,250,321,406,279,465,310,501,205,1577371493983678109,20191226,387.0,386.75,386.5,386.25,386.0,385.75,385.5,385.25,385.0,384.75,384.5,65,1,72,55,201,227,81,114,641,41,86,389.0,389.25,389.5,389.75,390.0,390.25,390.5,390.75,391.0,391.25,391.5,27,7,26,86,278,66,1390,58,1100,68,94
1577371509885726169,20191226144509885726169,20191226,387.75,387.5,387.25,387.0,386.75,386.5,386.25,386.0,385.75,385.5,385.25,103,416,160,321,204,157,224,167,89,168,102,388.0,388.25,388.5,388.75,389.0,389.25,389.5,389.75,390.0,390.25,390.5,111,154,241,321,406,279,465,310,501,205,129,1577371509885726169,20191226,387.0,386.75,386.5,386.25,386.0,385.75,385.5,385.25,385.0,384.75,384.5,65,1,72,55,201,227,81,114,641,41,86,389.0,389.25,389.5,389.75,390.0,390.25,390.5,390.75,391.0,391.25,391.5,27,7,26,86,278,66,1390,58,1100,68,94
1577371516024854257,20191226144516024854257,20191226,387.75,387.5,387.25,387.0,386.75,386.5,386.25,386.0,385.75,385.5,385.25,226,412,160,320,204,157,224,167,89,168,102,388.0,388.25,388.5,388.75,389.0,389.25,389.5,389.75,390.0,390.25,390.5,76,154,241,321,406,279,465,306,501,205,129,1577371516024854257,20191226,387.0,386.75,386.5,386.25,386.0,385.75,385.5,385.25,385.0,384.75,384.5,65,1,72,55,201,227,81,114,641,41,86,389.0,389.25,389.5,389.75,390.0,390.25,390.5,390.75,391.0,391.25,391.5,27,7,26,86,278,66,1390,58,1100,68,94
1577371528000024967,20191226144528000024967,20191226,387.75,387.5,387.25,387.0,386.75,386.5,386.25,386.0,385.75,385.5,385.25,227,416,160,320,204,157,224,167,89,168,102,388.0,388.25,388.5,388.75,389.0,389.25,389.5,389.75,390.0,390.25,390.5,102,156,240,321,406,279,465,306,501,205,129,1577371528000024967,20191226,387.0,386.75,386.5,386.25,386.0,385.75,385.5,385.25,385.0,384.75,384.5,65,1,72,55,201,227,81,114,641,41,86,389.0,389.25,389.5,389.75,390.0,390.25,390.5,390.75,391.0,391.25,391.5,27,7,26,86,278,66,1390,58,1100,68,94
1577371539122210645,20191226144539122210645,20191226,387.75,387.5,387.25,387.0,386.75,386.5,386.25,386.0,385.75,385.5,385.25,119,415,160,320,204,157,224,167,89,168,102,388.0,388.25,388.5,388.75,389.0,389.25,389.5,389.75,390.0,390.25,390.5,112,156,240,321,406,279,465,306,501,205,129,1577371539122210645,20191226,387.0,386.75,386.5,386.25,386.0,385.75,385.5,385.25,385.0,384.75,384.5,65,1,72,55,201,227,81,114,641,41,86,389.0,389.25,389.5,389.75,390.0,390.25,390.5,390.75,391.0,391.25,391.5,27,7,26,86,278,66,1390,58,1100,68,94
1577371542747372509,20191226144542747372509,20191226,387.75,387.5,387.25,387.0,386.75,386.5,386.25,386.0,385.75,385.5,385.25,125,405,160,320,204,157,224,167,89,168,102,388.0,388.25,388.5,388.75,389.0,389.25,389.5,389.75,390.0,390.25,390.5,112,161,240,321,406,279,465,306,501,205,129,1577371542747372509,20191226,387.0,386.75,386.5,386.25,386.0,385.75,385.5,385.25,385.0,384.75,384.5,65,1,72,55,201,227,81,114,641,41,86,389.0,389.25,389.5,389.75,390.0,390.25,390.5,390.75,391.0,391.25,391.5,27,7,26,86,278,66,1390,58,1100,68,94
1577371556738212421,20191226144556738212421,20191226,387.75,387.5,387.25,387.0,386.75,386.5,386.25,386.0,385.75,385.5,385.25,115,406,159,320,204,157,224,167,89,168,102,388.0,388.25,388.5,388.75,389.0,389.25,389.5,389.75,390.0,390.25,390.5,124,161,240,321,406,279,465,306,501,205,129,1577371556738212421,20191226,387.0,386.75,386.5,386.25,386.0,385.75,385.5,385.25,385.0,384.75,384.5,65,1,72,55,201,227,81,114,641,41,86,389.0,389.25,389.5,389.75,390.0,390.25,390.5,390.75,391.0,391.25,391.5,27,7,26,86,278,66,1390,58,1100,68,94
1577371560795519375,20191226144600795519375,20191226,387.75,387.5,387.25,387.0,386.75,386.5,386.25,386.0,385.75,385.5,385.25,116,405,159,320,204,157,224,167,89,168,102,388.0,388.25,388.5,388.75,389.0,389.25,389.5,389.75,390.0,390.25,390.5,121,361,240,321,406,279,465,306,301,205,129,1577371560795519375,20191226,387.0,386.75,386.5,386.25,386.0,385.75,385.5,385.25,385.0,384.75,384.5,65,1,72,55,201,227,81,114,641,41,86,389.0,389.25,389.5,389.75,390.0,390.25,390.5,390.75,391.0,391.25,391.5,27,7,26,86,278,66,1390,58,1100,68,94
1577371573214691103,20191226144613214691103,20191226,387.75,387.5,387.25,387.0,386.75,386.5,386.25,386.0,385.75,385.5,385.25,113,405,159,320,204,157,224,167,89,168,102,388.0,388.25,388.5,388.75,389.0,389.25,389.5,389.75,390.0,390.25,390.5,180,361,240,321,406,279,465,306,301,205,129,1577371573214691103,20191226,387.0,386.75,386.5,386.25,386.0,385.75,385.5,385.25,385.0,384.75,384.5,65,1,72,55,201,227,81,114,641,41,86,389.0,389.25,389.5,389.75,390.0,390.25,390.5,390.75,391.0,391.25,391.5,27,7,26,86,278,66,1385,58,1100,68,94
1577371581491938703,20191226144621491938703,20191226,387.75,387.5,387.25,387.0,386.75,386.5,386.25,386.0,385.75,385.5,385.25,61,405,159,320,204,157,224,167,89,168,102,388.0,388.25,388.5,388.75,389.0,389.25,389.5,389.75,390.0,390.25,390.5,182,361,240,321,406,279,465,306,306,205,129,1577371581491938703,20191226,387.0,386.75,386.5,386.25,386.0,385.75,385.5,385.25,385.0,384.75,384.5,65,1,72,55,201,227,81,114,641,41,86,389.0,389.25,389.5,389.75,390.0,390.25,390.5,390.75,391.0,391.25,391.5,27,7,26,86,278,66,1385,58,1100,68,94
1577371599589713931,20191226144639589713931,20191226,387.75,387.5,387.25,387.0,386.75,386.5,386.25,386.0,385.75,385.5,385.25,123,410,159,320,204,159,224,167,89,168,102,388.0,388.25,388.5,388.75,389.0,389.25,389.5,389.75,390.0,390.25,390.5,100,361,240,322,407,281,465,309,306,205,129,1577371599589713931,20191226,387.0,386.75,386.5,386.25,386.0,385.75,385.5,385.25,385.0,384.75,384.5,65,1,72,55,201,227,81,114,641,41,86,389.0,389.25,389.5,389.75,390.0,390.25,390.5,390.75,391.0,391.25,391.5,27,7,26,86,278,66,1385,58,1100,68,94
1577371602537532419,20191226144642537532419,20191226,387.75,387.5,387.25,387.0,386.75,386.5,386.25,386.0,385.75,385.5,385.25,118,410,159,320,204,159,224,167,89,168,102,388.0,388.25,388.5,388.75,389.0,389.25,389.5,389.75,390.0,390.25,390.5,102,361,240,322,407,281,465,309,306,205,129,1577371602537532419,20191226,387.0,386.75,386.5,386.25,386.0,385.75,385.5,385.25,385.0,384.75,384.5,65,1,72,55,201,227,81,114,641,41,86,389.0,389.25,389.5,389.75,390.0,390.25,390.5,390.75,391.0,391.25,391.5,27,7,26,86,278,66,1385,58,1100,68,94
1577371619796445913,20191226144659796445913,20191226,388.0,387.75,387.5,387.25,387.0,386.75,386.5,386.25,386.0,385.75,385.5,34,299,410,159,320,204,159,224,166,89,168,388.25,388.5,388.75,389.0,389.25,389.5,389.75,390.0,390.25,390.5,390.75,361,240,322,407,281,465,309,306,205,129,133,1577371619796445913,20191226,387.0,386.75,386.5,386.25,386.0,385.75,385.5,385.25,385.0,384.75,384.5,65,1,72,55,201,227,81,114,641,41,86,389.0,389.25,389.5,389.75,390.0,390.25,390.5,390.75,391.0,391.25,391.5,27,7,26,86,278,66,1385,58,1100,68,94
1577371629655211807,20191226144709655211807,20191226,387.75,387.5,387.25,387.0,386.75,386.5,386.25,386.0,385.75,385.5,385.25,332,406,160,320,204,157,239,166,104,168,117,388.0,388.25,388.5,388.75,389.0,389.25,389.5,389.75,390.0,390.25,390.5,39,368,239,323,407,283,465,309,321,205,144,1577371629655211807,20191226,387.0,386.75,386.5,386.25,386.0,385.75,385.5,385.25,385.0,384.75,384.5,65,1,72,55,201,227,81,114,660,41,86,389.0,389.25,389.5,389.75,390.0,390.25,390.5,390.75,391.0,391.25,391.5,27,7,26,86,278,66,1385,58,1100,68,94
1577371630702286407,20191226144710702286407,20191226,387.75,387.5,387.25,387.0,386.75,386.5,386.25,386.0,385.75,385.5,385.25,330,406,160,320,204,157,239,166,104,168,117,388.0,388.25,388.5,388.75,389.0,389.25,389.5,389.75,390.0,390.25,390.5,44,369,239,322,407,283,465,309,321,205,144,1577371630702286407,20191226,387.0,386.75,386.5,386.25,386.0,385.75,385.5,385.25,385.0,384.75,384.5,65,1,72,55,201,227,81,114,660,41,86,389.0,389.25,389.5,389.75,390.0,390.25,390.5,390.75,391.0,391.25,391.5,27,7,26,86,278,66,1385,58,1100,68,94
1577371641273117601,20191226144721273117601,20191226,387.75,387.5,387.25,387.0,386.75,386.5,386.25,386.0,385.75,385.5,385.25,132,411,160,321,204,157,239,166,104,168,117,388.0,388.25,388.5,388.75,389.0,389.25,389.5,389.75,390.0,390.25,390.5,124,372,239,322,407,283,465,309,321,205,144,1577371641273117601,20191226,387.0,386.75,386.5,386.25,386.0,385.75,385.5,385.25,385.0,384.75,384.5,65,1,72,55,201,227,81,114,660,41,86,389.0,389.25,389.5,389.75,390.0,390.25,390.5,390.75,391.0,391.25,391.5,27,7,26,86,278,66,1385,58,1100,68,94
1577371652281218513,20191226144732281218513,20191226,387.75,387.5,387.25,387.0,386.75,386.5,386.25,386.0,385.75,385.5,385.25,130,414,160,320,204,157,239,166,104,168,117,388.0,388.25,388.5,388.75,389.0,389.25,389.5,389.75,390.0,390.25,390.5,123,373,239,322,407,283,465,309,321,207,144,1577371652281218513,20191226,387.0,386.75,386.5,386.25,386.0,385.75,385.5,385.25,385.0,384.75,384.5,65,1,72,55,201,227,81,124,660,41,86,389.0,389.25,389.5,389.75,390.0,390.25,390.5,390.75,391.0,391.25,391.5,27,7,26,86,278,66,1385,58,1100,68,94
1577371663129243091,20191226144743129243091,20191226,387.75,387.5,387.25,387.0,386.75,386.5,386.25,386.0,385.75,385.5,385.25,325,412,160,321,204,157,239,166,104,168,117,388.0,388.25,388.5,388.75,389.0,389.25,389.5,389.75,390.0,390.25,390.5,37,370,218,300,407,283,465,309,321,207,144,1577371663129243091,20191226,387.0,386.75,386.5,386.25,386.0,385.75,385.5,385.25,385.0,384.75,384.5,65,1,72,55,201,227,81,124,660,41,86,389.0,389.25,389.5,389.75,390.0,390.25,390.5,390.75,391.0,391.25,391.5,27,7,26,86,278,66,1385,58,1100,68,94
1577371670694498419,20191226144750694498419,20191226,387.75,387.5,387.25,387.0,386.75,386.5,386.25,386.0,385.75,385.5,385.25,323,412,160,321,204,157,239,166,104,168,117,388.0,388.25,388.5,388.75,389.0,389.25,389.5,389.75,390.0,390.25,390.5,42,370,218,300,407,283,465,309,321,207,144,1577371670694498419,20191226,387.0,386.75,386.5,386.25,386.0,385.75,385.5,385.25,385.0,384.75,384.5,65,1,72,55,201,227,81,124,660,41,86,389.0,389.25,389.5,389.75,390.0,390.25,390.5,390.75,391.0,391.25,391.5,27,7,26,86,278,66,1385,58,1100,68,94
1577371684148592309,20191226144804148592309,20191226,387.75,387.5,387.25,387.0,386.75,386.5,386.25,386.0,385.75,385.5,385.25,152,412,160,321,204,157,239,166,104,168,117,388.0,388.25,388.5,388.75,389.0,389.25,389.5,389.75,390.0,390.25,390.5,113,368,218,301,407,285,465,309,321,207,144,1577371684148592309,20191226,387.0,386.75,386.5,386.25,386.0,385.75,385.5,385.25,385.0,384.75,384.5,65,1,72,55,201,227,81,124,660,41,86,389.0,389.25,389.5,389.75,390.0,390.25,390.5,390.75,391.0,391.25,391.5,27,7,26,86,278,66,1385,58,1100,68,94
1577371691577628277,20191226144811577628277,20191226,387.75,387.5,387.25,387.0,386.75,386.5,386.25,386.0,385.75,385.5,385.25,142,412,160,321,204,157,239,166,104,168,117,388.0,388.25,388.5,388.75,389.0,389.25,389.5,389.75,390.0,390.25,390.5,102,369,218,300,407,285,465,309,321,207,144,1577371691577628277,20191226,387.0,386.75,386.5,386.25,386.0,385.75,385.5,385.25,385.0,384.75,384.5,65,1,72,55,201,227,81,124,660,41,86,389.0,389.25,389.5,389.75,390.0,390.25,390.5,390.75,391.0,391.25,391.5,27,7,26,86,278,66,1385,58,1100,68,94
1577371701726104393,20191226144821726104393,20191226,387.75,387.5,387.25,387.0,386.75,386.5,386.25,386.0,385.75,385.5,385.25,127,412,160,321,204,157,239,166,104,168,117,388.0,388.25,388.5,388.75,389.0,389.25,389.5,389.75,390.0,390.25,390.5,107,369,218,300,407,285,465,309,321,209,144,1577371701726104393,20191226,387.0,386.75,386.5,386.25,386.0,385.75,385.5,385.25,385.0,384.75,384.5,65,1,72,55,201,227,81,124,660,41,86,389.0,389.25,389.5,389.75,390.0,390.25,390.5,390.75,391.0,391.25,391.5,27,7,26,86,278,66,1385,58,1100,68,94
1577371716526197597,20191226144836526197597,20191226,387.75,387.5,387.25,387.0,386.75,386.5,386.25,386.0,385.75,385.5,385.25,124,413,160,240,285,157,239,166,104,168,117,388.0,388.25,388.5,388.75,389.0,389.25,389.5,389.75,390.0,390.25,390.5,118,384,218,300,407,285,465,309,321,209,144,1577371716526197597,20191226,387.0,386.75,386.5,386.25,386.0,385.75,385.5,385.25,385.0,384.75,384.5,65,1,72,55,201,227,81,124,660,41,86,389.0,389.25,389.5,389.75,390.0,390.25,390.5,390.75,391.0,391.25,391.5,27,7,26,86,278,66,1385,58,1100,68,94
1577371731339622959,20191226144851339622959,20191226,387.75,387.5,387.25,387.0,386.75,386.5,386.25,386.0,385.75,385.5,385.25,125,417,164,244,289,161,243,170,108,172,121,388.0,388.25,388.5,388.75,389.0,389.25,389.5,389.75,390.0,390.25,390.5,118,388,222,304,411,289,469,313,325,213,148,1577371731339622959,20191226,387.0,386.75,386.5,386.25,386.0,385.75,385.5,385.25,385.0,384.75,384.5,65,1,72,55,201,227,81,124,660,41,86,389.0,389.25,389.5,389.75,390.0,390.25,390.5,390.75,391.0,391.25,391.5,27,7,26,86,278,66,1385,58,1100,68,94
1577371747113492281,20191226144907113492281,20191226,387.75,387.5,387.25,387.0,386.75,386.5,386.25,386.0,385.75,385.5,385.25,128,419,163,244,289,161,243,169,108,172,121,388.0,388.25,388.5,388.75,389.0,389.25,389.5,389.75,390.0,390.25,390.5,121,385,222,305,415,289,469,313,325,213,148,1577371747113492281,20191226,387.0,386.75,386.5,386.25,386.0,385.75,385.5,385.25,385.0,384.75,384.5,65,1,72,55,202,227,81,124,660,41,86,389.0,389.25,389.5,389.75,390.0,390.25,390.5,390.75,391.0,391.25,391.5,27,7,26,86,278,66,1385,58,1100,68,94
1577371751314188041,20191226144911314188041,20191226,387.75,387.5,387.25,387.0,386.75,386.5,386.25,386.0,385.75,385.5,385.25,135,419,163,244,289,161,243,169,108,172,121,388.0,388.25,388.5,388.75,389.0,389.25,389.5,389.75,390.0,390.25,390.5,124,384,222,305,415,289,469,313,325,213,148,1577371751314188041,20191226,387.0,386.75,386.5,386.25,386.0,385.75,385.5,385.25,385.0,384.75,384.5,65,1,72,55,202,227,81,124,660,41,86,389.0,389.25,389.5,389.75,390.0,390.25,390.5,390.75,391.0,391.25,391.5,27,7,26,86,278,66,1385,58,1100,68,94
1577371764093782679,20191226144924093782679,20191226,387.75,387.5,387.25,387.0,386.75,386.5,386.25,386.0,385.75,385.5,385.25,138,419,162,244,289,161,243,169,108,172,121,388.0,388.25,388.5,388.75,389.0,389.25,389.5,389.75,390.0,390.25,390.5,123,387,222,305,415,289,469,313,325,213,148,1577371764093782679,20191226,387.0,386.75,386.5,386.25,386.0,385.75,385.5,385.25,385.0,384.75,384.5,65,1,72,55,202,227,81,124,660,41,86,389.0,389.25,389.5,389.75,390.0,390.25,390.5,390.75,391.0,391.25,391.5,27,7,26,86,278,66,1385,58,1100,68,94
1577371779165670871,20191226144939165670871,20191226,387.75,387.5,387.25,387.0,386.75,386.5,386.25,386.0,385.75,385.5,385.25,130,409,164,244,289,161,243,169,108,172,121,388.0,388.25,388.5,388.75,389.0,389.25,389.5,389.75,390.0,390.25,390.5,125,384,222,306,415,289,469,313,325,213,148,1577371779165670871,20191226,387.0,386.75,386.5,386.25,386.0,385.75,385.5,385.25,385.0,384.75,384.5,65,1,72,55,202,227,81,124,660,41,86,389.0,389.25,389.5,389.75,390.0,390.25,390.5,390.75,391.0,391.25,391.5,27,7,26,86,278,66,1385,58,1100,68,94
1577371788515141859,20191226144948515141859,20191226,387.75,387.5,387.25,387.0,386.75,386.5,386.25,386.0,385.75,385.5,385.25,204,419,173,244,289,161,243,169,108,172,121,388.0,388.25,388.5,388.75,389.0,389.25,389.5,389.75,390.0,390.25,390.5,125,393,232,304,415,289,469,313,325,213,148,1577371788515141859,20191226,387.0,386.75,386.5,386.25,386.0,385.75,385.5,385.25,385.0,384.75,384.5,65,1,72,55,202,227,81,124,660,41,86,389.0,389.25,389.5,389.75,390.0,390.25,390.5,390.75,391.0,391.25,391.5,27,7,26,86,278,66,1385,58,1100,68,94
1577371793436272241,20191226144953436272241,20191226,387.75,387.5,387.25,387.0,386.75,386.5,386.25,386.0,385.75,385.5,385.25,204,419,173,244,289,161,243,169,108,172,121,388.0,388.25,388.5,388.75,389.0,389.25,389.5,389.75,390.0,390.25,390.5,114,393,232,305,414,290,469,313,325,213,148,1577371793436272241,20191226,387.0,386.75,386.5,386.25,386.0,385.75,385.5,385.25,385.0,384.75,384.5,65,1,72,55,202,227,81,124,660,41,86,389.0,389.25,389.5,389.75,390.0,390.25,390.5,390.75,391.0,391.25,391.5,27,7,26,86,278,66,1385,58,1100,68,94
1577371801749341071,20191226145001749341071,20191226,387.75,387.5,387.25,387.0,386.75,386.5,386.25,386.0,385.75,385.5,385.25,351,419,174,244,289,161,243,169,108,172,121,388.0,388.25,388.5,388.75,389.0,389.25,389.5,389.75,390.0,390.25,390.5,55,382,233,306,414,290,469,313,325,214,148,1577371801749341071,20191226,387.0,386.75,386.5,386.25,386.0,385.75,385.5,385.25,385.0,384.75,384.5,65,1,72,55,202,227,81,124,660,41,86,389.0,389.25,389.5,389.75,390.0,390.25,390.5,390.75,391.0,391.25,391.5,27,7,26,86,278,66,1385,58,1100,68,94
1577371819118546673,20191226145019118546673,20191226,387.75,387.5,387.25,387.0,386.75,386.5,386.25,386.0,385.75,385.5,385.25,358,419,174,244,289,161,243,169,108,172,121,388.0,388.25,388.5,388.75,389.0,389.25,389.5,389.75,390.0,390.25,390.5,32,384,227,305,414,290,469,313,325,214,148,1577371819118546673,20191226,387.0,386.75,386.5,386.25,386.0,385.75,385.5,385.25,385.0,384.75,384.5,65,1,72,55,202,227,81,124,660,41,86,389.0,389.25,389.5,389.75,390.0,390.25,390.5,390.75,391.0,391.25,391.5,27,7,26,86,278,66,1385,58,1101,68,94
1577371822110737339,20191226145022110737339,20191226,387.75,387.5,387.25,387.0,386.75,386.5,386.25,386.0,385.75,385.5,385.25,220,419,173,244,289,161,243,169,108,172,121,388.0,388.25,388.5,388.75,389.0,389.25,389.5,389.75,390.0,390.25,390.5,120,387,227,305,414,290,469,313,325,214,148,1577371822110737339,20191226,387.0,386.75,386.5,386.25,386.0,385.75,385.5,385.25,385.0,384.75,384.5,65,1,72,55,202,227,81,124,660,41,86,389.0,389.25,389.5,389.75,390.0,390.25,390.5,390.75,391.0,391.25,391.5,27,7,26,86,278,66,1385,58,1101,68,94
1577371837872452051,20191226145037872452051,20191226,388.0,387.75,387.5,387.25,387.0,386.75,386.5,386.25,386.0,385.75,385.5,120,228,421,173,243,289,161,243,169,108,172,388.25,388.5,388.75,389.0,389.25,389.5,389.75,390.0,390.25,390.5,390.75,339,219,295,416,290,469,313,325,214,148,137,1577371837872452051,20191226,387.0,386.75,386.5,386.25,386.0,385.75,385.5,385.25,385.0,384.75,384.5,65,1,72,55,202,227,81,124,660,41,86,389.0,389.25,389.5,389.75,390.0,390.25,390.5,390.75,391.0,391.25,391.5,27,7,26,86,278,66,1385,58,1101,68,94
1577371841093378737,20191226145041093378737,20191226,388.0,387.75,387.5,387.25,387.0,386.75,386.5,386.25,386.0,385.75,385.5,121,228,421,173,243,289,161,243,169,108,172,388.25,388.5,388.75,389.0,389.25,389.5,389.75,390.0,390.25,390.5,390.75,338,219,295,416,290,469,313,325,214,148,137,1577371841093378737,20191226,387.0,386.75,386.5,386.25,386.0,385.75,385.5,385.25,385.0,384.75,384.5,65,1,72,55,202,227,81,124,660,41,86,389.0,389.25,389.5,389.75,390.0,390.25,390.5,390.75,391.0,391.25,391.5,27,7,26,86,278,66,1385,58,1101,68,94
1577371851970084221,20191226145051970084221,20191226,388.0,387.75,387.5,387.25,387.0,386.75,386.5,386.25,386.0,385.75,385.5,121,229,421,172,243,289,161,243,169,108,172,388.25,388.5,388.75,389.0,389.25,389.5,389.75,390.0,390.25,390.5,390.75,352,219,295,420,290,469,313,325,214,148,137,1577371851970084221,20191226,387.0,386.75,386.5,386.25,386.0,385.75,385.5,385.25,385.0,384.75,384.5,65,1,72,55,202,227,81,124,660,41,86,389.0,389.25,389.5,389.75,390.0,390.25,390.5,390.75,391.0,391.25,391.5,27,7,26,86,278,66,1385,58,1101,68,94
1577371860569780127,20191226145100569780127,20191226,388.0,387.75,387.5,387.25,387.0,386.75,386.5,386.25,386.0,385.75,385.5,118,229,421,172,243,289,161,243,169,108,172,388.25,388.5,388.75,389.0,389.25,389.5,389.75,390.0,390.25,390.5,390.75,355,219,295,420,290,469,313,325,214,148,137,1577371860569780127,20191226,387.0,386.75,386.5,386.25,386.0,385.75,385.5,385.25,385.0,384.75,384.5,65,1,72,55,202,227,81,124,660,41,86,389.0,389.25,389.5,389.75,390.0,390.25,390.5,390.75,391.0,391.25,391.5,27,7,26,86,278,66,1385,58,1101,68,94
1577371874979176753,20191226145114979176753,20191226,388.0,387.75,387.5,387.25,387.0,386.75,386.5,386.25,386.0,385.75,385.5,118,229,421,173,243,289,161,243,169,108,172,388.25,388.5,388.75,389.0,389.25,389.5,389.75,390.0,390.25,390.5,390.75,357,218,295,420,290,469,313,325,214,148,137,1577371874979176753,20191226,387.0,386.75,386.5,386.25,386.0,385.75,385.5,385.25,385.0,384.75,384.5,65,1,72,55,202,227,81,124,660,41,86,389.0,389.25,389.5,389.75,390.0,390.25,390.5,390.75,391.0,391.25,391.5,27,7,26,86,278,66,1385,58,1101,68,94
1577371884046070419,20191226145124046070419,20191226,387.75,387.5,387.25,387.0,386.75,386.5,386.25,386.0,385.75,385.5,385.25,133,420,174,243,289,161,243,169,108,172,121,388.0,388.25,388.5,388.75,389.0,389.25,389.5,389.75,390.0,390.25,390.5,135,366,230,304,419,290,469,313,325,214,148,1577371884046070419,20191226,387.0,386.75,386.5,386.25,386.0,385.75,385.5,385.25,385.0,384.75,384.5,65,1,72,55,202,227,81,124,660,41,86,389.0,389.25,389.5,389.75,390.0,390.25,390.5,390.75,391.0,391.25,391.5,27,7,26,86,278,66,1385,58,1101,68,94
1577371898256108641,20191226145138256108641,20191226,387.75,387.5,387.25,387.0,386.75,386.5,386.25,386.0,385.75,385.5,385.25,124,420,174,243,289,161,243,169,108,172,121,388.0,388.25,388.5,388.75,389.0,389.25,389.5,389.75,390.0,390.25,390.5,144,364,228,305,418,290,470,313,325,214,148,1577371898256108641,20191226,387.0,386.75,386.5,386.25,386.0,385.75,385.5,385.25,385.0,384.75,384.5,65,1,72,55,202,227,81,124,660,41,86,389.0,389.25,389.5,389.75,390.0,390.25,390.5,390.75,391.0,391.25,391.5,27,7,26,86,278,66,1385,58,1101,68,94
1577371905016356111,20191226145145016356111,20191226,387.75,387.5,387.25,387.0,386.75,386.5,386.25,386.0,385.75,385.5,385.25,124,421,174,243,289,161,243,169,108,172,121,388.0,388.25,388.5,388.75,389.0,389.25,389.5,389.75,390.0,390.25,390.5,148,364,228,305,418,290,470,313,325,214,148,1577371905016356111,20191226,387.0,386.75,386.5,386.25,386.0,385.75,385.5,385.25,385.0,384.75,384.5,65,1,72,55,202,227,81,124,660,41,86,389.0,389.25,389.5,389.75,390.0,390.25,390.5,390.75,391.0,391.25,391.5,27,7,26,86,278,66,1385,58,1101,68,94
1577371917767615705,20191226145157767615705,20191226,387.75,387.5,387.25,387.0,386.75,386.5,386.25,386.0,385.75,385.5,385.25,121,421,174,243,289,161,243,169,108,172,121,388.0,388.25,388.5,388.75,389.0,389.25,389.5,389.75,390.0,390.25,390.5,157,364,228,305,418,290,470,313,325,214,148,1577371917767615705,20191226,387.0,386.75,386.5,386.25,386.0,385.75,385.5,385.25,385.0,384.75,384.5,65,1,72,55,202,227,81,124,660,41,86,389.0,389.25,389.5,389.75,390.0,390.25,390.5,390.75,391.0,391.25,391.5,27,7,26,86,278,66,1385,58,1101,68,94
1577371925281897449,20191226145205281897449,20191226,387.75,387.5,387.25,387.0,386.75,386.5,386.25,386.0,385.75,385.5,385.25,121,521,174,243,289,161,243,169,108,172,121,388.0,388.25,388.5,388.75,389.0,389.25,389.5,389.75,390.0,390.25,390.5,162,364,228,305,418,290,470,313,325,214,148,1577371925281897449,20191226,387.0,386.75,386.5,386.25,386.0,385.75,385.5,385.25,385.0,384.75,384.5,65,1,72,55,202,227,81,124,660,41,86,389.0,389.25,389.5,389.75,390.0,390.25,390.5,390.75,391.0,391.25,391.5,27,7,26,86,278,66,1385,58,1101,68,94
1577371933794388711,20191226145213794388711,20191226,387.75,387.5,387.25,387.0,386.75,386.5,386.25,386.0,385.75,385.5,385.25,126,521,274,243,289,161,243,169,108,172,121,388.0,388.25,388.5,388.75,389.0,389.25,389.5,389.75,390.0,390.25,390.5,160,362,228,306,418,290,470,313,325,214,148,1577371933794388711,20191226,387.0,386.75,386.5,386.25,386.0,385.75,385.5,385.25,385.0,384.75,384.5,65,1,72,55,202,227,81,124,660,41,86,389.0,389.25,389.5,389.75,390.0,390.25,390.5,390.75,391.0,391.25,391.5,27,7,26,86,278,66,1385,58,1101,68,94
1577371946396245555,20191226145226396245555,20191226,387.75,387.5,387.25,387.0,386.75,386.5,386.25,386.0,385.75,385.5,385.25,134,520,273,243,289,161,243,169,108,172,121,388.0,388.25,388.5,388.75,389.0,389.25,389.5,389.75,390.0,390.25,390.5,160,362,228,309,419,290,470,313,325,214,148,1577371946396245555,20191226,387.0,386.75,386.5,386.25,386.0,385.75,385.5,385.25,385.0,384.75,384.5,65,1,72,55,202,227,81,124,660,41,86,389.0,389.25,389.5,389.75,390.0,390.25,390.5,390.75,391.0,391.25,391.5,27,7,26,86,278,66,1385,58,1101,68,94
1577371956224711835,20191226145236224711835,20191226,387.75,387.5,387.25,387.0,386.75,386.5,386.25,386.0,385.75,385.5,385.25,135,519,273,325,208,161,243,169,108,172,121,388.0,388.25,388.5,388.75,389.0,389.25,389.5,389.75,390.0,390.25,390.5,158,362,228,309,419,290,470,313,325,214,148,1577371956224711835,20191226,387.0,386.75,386.5,386.25,386.0,385.75,385.5,385.25,385.0,384.75,384.5,65,1,72,55,202,227,81,124,660,41,86,389.0,389.25,389.5,389.75,390.0,390.25,390.5,390.75,391.0,391.25,391.5,27,7,26,86,278,66,1385,58,1101,68,94
1577371968831473447,20191226145248831473447,20191226,387.75,387.5,387.25,387.0,386.75,386.5,386.25,386.0,385.75,385.5,385.25,136,519,272,325,208,162,242,169,108,172,121,388.0,388.25,388.5,388.75,389.0,389.25,389.5,389.75,390.0,390.25,390.5,159,363,228,309,419,290,470,313,325,214,148,1577371968831473447,20191226,387.0,386.75,386.5,386.25,386.0,385.75,385.5,385.25,385.0,384.75,384.5,65,1,72,55,202,227,81,124,660,41,86,389.0,389.25,389.5,389.75,390.0,390.25,390.5,390.75,391.0,391.25,391.5,27,7,26,86,278,66,1385,58,1101,68,94
1577371973350487531,20191226145253350487531,20191226,387.75,387.5,387.25,387.0,386.75,386.5,386.25,386.0,385.75,385.5,385.25,167,519,272,325,208,162,242,169,108,172,121,388.0,388.25,388.5,388.75,389.0,389.25,389.5,389.75,390.0,390.25,390.5,159,363,228,309,419,290,470,313,325,214,148,1577371973350487531,20191226,387.0,386.75,386.5,386.25,386.0,385.75,385.5,385.25,385.0,384.75,384.5,65,1,72,55,202,227,81,124,660,41,86,389.0,389.25,389.5,389.75,390.0,390.25,390.5,390.75,391.0,391.25,391.5,27,7,26,86,278,66,1385,58,1101,68,94
1577371986777010239,20191226145306777010239,20191226,387.75,387.5,387.25,387.0,386.75,386.5,386.25,386.0,385.75,385.5,385.25,130,509,272,325,208,162,242,170,108,172,120,388.0,388.25,388.5,388.75,389.0,389.25,389.5,389.75,390.0,390.25,390.5,159,363,238,312,419,290,470,313,325,264,148,1577371986777010239,20191226,387.0,386.75,386.5,386.25,386.0,385.75,385.5,385.25,385.0,384.75,384.5,65,1,72,55,202,227,81,124,660,41,86,389.0,389.25,389.5,389.75,390.0,390.25,390.5,390.75,391.0,391.25,391.5,27,7,26,86,278,66,1385,58,1101,68,94
1577371990234668561,20191226145310234668561,20191226,387.75,387.5,387.25,387.0,386.75,386.5,386.25,386.0,385.75,385.5,385.25,114,509,272,325,208,162,242,170,108,172,120,388.0,388.25,388.5,388.75,389.0,389.25,389.5,389.75,390.0,390.25,390.5,160,360,238,315,419,290,470,313,325,264,148,1577371990234668561,20191226,387.0,386.75,386.5,386.25,386.0,385.75,385.5,385.25,385.0,384.75,384.5,65,1,72,55,202,227,81,124,660,41,86,389.0,389.25,389.5,389.75,390.0,390.25,390.5,390.75,391.0,391.25,391.5,27,7,26,86,278,66,1385,58,1101,68,94
1577372002531269125,20191226145322531269125,20191226,387.75,387.5,387.25,387.0,386.75,386.5,386.25,386.0,385.75,385.5,385.25,100,509,268,325,208,162,242,170,109,171,120,388.0,388.25,388.5,388.75,389.0,389.25,389.5,389.75,390.0,390.25,390.5,150,360,238,309,429,290,480,313,325,264,148,1577372002531269125,20191226,387.25,387.0,386.75,386.5,386.25,386.0,385.75,385.5,385.25,385.0,384.75,4,65,1,72,55,202,227,81,124,660,41,389.0,389.25,389.5,389.75,390.0,390.25,390.5,390.75,391.0,391.25,391.5,27,7,26,86,278,66,1385,58,1101,68,94
1577372016109152355,20191226145336109152355,20191226,387.75,387.5,387.25,387.0,386.75,386.5,386.25,386.0,385.75,385.5,385.25,187,509,268,323,208,162,242,170,109,171,120,388.0,388.25,388.5,388.75,389.0,389.25,389.5,389.75,390.0,390.25,390.5,87,359,238,309,429,290,480,313,335,264,148,1577372016109152355,20191226,387.25,387.0,386.75,386.5,386.25,386.0,385.75,385.5,385.25,385.0,384.75,4,65,1,72,55,202,227,81,124,660,41,389.0,389.25,389.5,389.75,390.0,390.25,390.5,390.75,391.0,391.25,391.5,27,7,26,86,278,66,1385,58,1101,68,94
1577372020979386039,20191226145340979386039,20191226,387.75,387.5,387.25,387.0,386.75,386.5,386.25,386.0,385.75,385.5,385.25,100,509,268,323,208,162,242,170,109,171,120,388.0,388.25,388.5,388.75,389.0,389.25,389.5,389.75,390.0,390.25,390.5,148,359,238,309,429,290,480,313,335,264,148,1577372020979386039,20191226,387.25,387.0,386.75,386.5,386.25,386.0,385.75,385.5,385.25,385.0,384.75,4,65,1,72,55,202,227,81,124,660,41,389.0,389.25,389.5,389.75,390.0,390.25,390.5,390.75,391.0,391.25,391.5,27,7,26,86,278,66,1385,58,1101,68,94
1577372033046241953,20191226145353046241953,20191226,387.75,387.5,387.25,387.0,386.75,386.5,386.25,386.0,385.75,385.5,385.25,149,509,268,323,208,162,242,170,109,172,120,388.0,388.25,388.5,388.75,389.0,389.25,389.5,389.75,390.0,390.25,390.5,190,359,236,309,429,290,460,313,335,264,158,1577372033046241953,20191226,387.25,387.0,386.75,386.5,386.25,386.0,385.75,385.5,385.25,385.0,384.75,4,65,1,72,55,202,227,81,124,660,41,389.0,389.25,389.5,389.75,390.0,390.25,390.5,390.75,391.0,391.25,391.5,27,7,26,86,278,66,1385,58,1101,68,94
1577372046987746603,20191226145406987746603,20191226,387.75,387.5,387.25,387.0,386.75,386.5,386.25,386.0,385.75,385.5,385.25,148,509,268,323,208,162,242,170,109,172,120,388.0,388.25,388.5,388.75,389.0,389.25,389.5,389.75,390.0,390.25,390.5,184,359,236,306,449,290,460,313,335,264,158,1577372046987746603,20191226,387.25,387.0,386.75,386.5,386.25,386.0,385.75,385.5,385.25,385.0,384.75,4,65,1,72,55,202,227,81,124,660,41,389.0,389.25,389.5,389.75,390.0,390.25,390.5,390.75,391.0,391.25,391.5,27,7,26,86,278,66,1385,58,1101,68,94
1577372057349287287,20191226145417349287287,20191226,387.75,387.5,387.25,387.0,386.75,386.5,386.25,386.0,385.75,385.5,385.25,81,509,268,323,208,162,242,170,109,172,120,388.0,388.25,388.5,388.75,389.0,389.25,389.5,389.75,390.0,390.25,390.5,187,359,236,305,449,290,460,313,335,264,158,1577372057349287287,20191226,387.25,387.0,386.75,386.5,386.25,386.0,385.75,385.5,385.25,385.0,384.75,4,65,1,72,55,202,227,81,124,660,41,389.0,389.25,389.5,389.75,390.0,390.25,390.5,390.75,391.0,391.25,391.5,27,7,26,86,278,66,1385,58,1101,68,94
1577372067183265009,20191226145427183265009,20191226,387.75,387.5,387.25,387.0,386.75,386.5,386.25,386.0,385.75,385.5,385.25,78,509,268,323,208,162,242,170,109,172,120,388.0,388.25,388.5,388.75,389.0,389.25,389.5,389.75,390.0,390.25,390.5,186,359,236,305,451,290,460,313,335,264,158,1577372067183265009,20191226,387.25,387.0,386.75,386.5,386.25,386.0,385.75,385.5,385.25,385.0,384.75,4,65,1,72,55,202,227,81,124,660,41,389.0,389.25,389.5,389.75,390.0,390.25,390.5,390.75,391.0,391.25,391.5,27,7,26,86,278,66,1385,58,1101,68,94
1577372075351615987,20191226145435351615987,20191226,387.75,387.5,387.25,387.0,386.75,386.5,386.25,386.0,385.75,385.5,385.25,151,509,268,323,208,162,242,170,109,172,120,388.0,388.25,388.5,388.75,389.0,389.25,389.5,389.75,390.0,390.25,390.5,178,359,236,305,451,290,441,313,335,264,158,1577372075351615987,20191226,387.25,387.0,386.75,386.5,386.25,386.0,385.75,385.5,385.25,385.0,384.75,4,65,1,72,55,202,227,81,124,660,41,389.0,389.25,389.5,389.75,390.0,390.25,390.5,390.75,391.0,391.25,391.5,27,7,45,86,278,66,1385,58,1101,68,94
1577372080761276573,20191226145440761276573,20191226,387.75,387.5,387.25,387.0,386.75,386.5,386.25,386.0,385.75,385.5,385.25,320,503,268,323,208,162,242,170,109,172,120,388.0,388.25,388.5,388.75,389.0,389.25,389.5,389.75,390.0,390.25,390.5,99,362,236,305,451,290,441,313,335,264,158,1577372080761276573,20191226,387.25,387.0,386.75,386.5,386.25,386.0,385.75,385.5,385.25,385.0,384.75,4,65,1,72,55,202,227,81,124,660,41,389.0,389.25,389.5,389.75,390.0,390.25,390.5,390.75,391.0,391.25,391.5,27,7,45,86,278,66,1385,58,1101,68,94
1577372090630560883,20191226145450630560883,20191226,387.75,387.5,387.25,387.0,386.75,386.5,386.25,386.0,385.75,385.5,385.25,315,503,268,323,208,162,242,170,109,172,120,388.0,388.25,388.5,388.75,389.0,389.25,389.5,389.75,390.0,390.25,390.5,109,358,236,305,451,290,441,313,335,264,158,1577372090630560883,20191226,387.25,387.0,386.75,386.5,386.25,386.0,385.75,385.5,385.25,385.0,384.75,4,65,1,72,55,202,227,81,124,660,41,389.0,389.25,389.5,389.75,390.0,390.25,390.5,390.75,391.0,391.25,391.5,27,7,45,86,278,66,1385,58,1101,68,94
1577372103415141449,20191226145503415141449,20191226,387.75,387.5,387.25,387.0,386.75,386.5,386.25,386.0,385.75,385.5,385.25,316,521,285,340,225,179,242,187,109,189,120,388.0,388.25,388.5,388.75,389.0,389.25,389.5,389.75,390.0,390.25,390.5,100,379,253,322,468,307,458,330,335,281,158,1577372103415141449,20191226,387.25,387.0,386.75,386.5,386.25,386.0,385.75,385.5,385.25,385.0,384.75,4,65,1,72,55,202,227,81,124,660,41,389.0,389.25,389.5,389.75,390.0,390.25,390.5,390.75,391.0,391.25,391.5,27,7,45,86,278,66,1385,58,1101,68,94
1577372110685891621,20191226145510685891621,20191226,387.75,387.5,387.25,387.0,386.75,386.5,386.25,386.0,385.75,385.5,385.25,149,521,285,340,225,179,242,187,109,189,120,388.0,388.25,388.5,388.75,389.0,389.25,389.5,389.75,390.0,390.25,390.5,177,379,253,322,468,307,458,330,335,281,158,1577372110685891621,20191226,387.25,387.0,386.75,386.5,386.25,386.0,385.75,385.5,385.25,385.0,384.75,4,65,1,72,55,202,227,81,124,660,41,389.0,389.25,389.5,389.75,390.0,390.25,390.5,390.75,391.0,391.25,391.5,27,7,45,86,278,66,1385,58,1101,68,94
1577372120760948285,20191226145520760948285,20191226,387.75,387.5,387.25,387.0,386.75,386.5,386.25,386.0,385.75,385.5,385.25,172,521,285,340,225,179,242,187,109,189,120,388.0,388.25,388.5,388.75,389.0,389.25,389.5,389.75,390.0,390.25,390.5,177,379,253,322,507,307,458,330,335,283,158,1577372120760948285,20191226,387.25,387.0,386.75,386.5,386.25,386.0,385.75,385.5,385.25,385.0,384.75,4,65,1,72,55,202,227,81,124,660,41,389.0,389.25,389.5,389.75,390.0,390.25,390.5,390.75,391.0,391.25,391.5,27,7,45,86,278,66,1385,58,1101,68,94
1577372131152189679,20191226145531152189679,20191226,387.75,387.5,387.25,387.0,386.75,386.5,386.25,386.0,385.75,385.5,385.25,169,521,285,340,225,179,242,187,109,189,120,388.0,388.25,388.5,388.75,389.0,389.25,389.5,389.75,390.0,390.25,390.5,174,381,253,322,507,307,458,330,335,283,158,1577372131152189679,20191226,387.25,387.0,386.75,386.5,386.25,386.0,385.75,385.5,385.25,385.0,384.75,4,65,1,72,55,202,227,81,124,660,41,389.0,389.25,389.5,389.75,390.0,390.25,390.5,390.75,391.0,391.25,391.5,27,7,45,86,278,66,1385,58,1101,68,94
1577372147112700857,20191226145547112700857,20191226,387.75,387.5,387.25,387.0,386.75,386.5,386.25,386.0,385.75,385.5,385.25,171,521,285,340,225,179,242,187,109,189,120,388.0,388.25,388.5,388.75,389.0,389.25,389.5,389.75,390.0,390.25,390.5,210,384,253,322,507,307,458,330,335,284,158,1577372147112700857,20191226,387.25,387.0,386.75,386.5,386.25,386.0,385.75,385.5,385.25,385.0,384.75,4,65,1,72,55,202,227,81,124,660,41,389.0,389.25,389.5,389.75,390.0,390.25,390.5,390.75,391.0,391.25,391.5,27,7,45,86,278,66,1385,58,1101,68,94
1577372154049750305,20191226145554049750305,20191226,387.75,387.5,387.25,387.0,386.75,386.5,386.25,386.0,385.75,385.5,385.25,171,521,285,340,225,179,242,187,109,189,120,388.0,388.25,388.5,388.75,389.0,389.25,389.5,389.75,390.0,390.25,390.5,104,384,253,322,507,307,458,330,335,284,158,1577372154049750305,20191226,387.25,387.0,386.75,386.5,386.25,386.0,385.75,385.5,385.25,385.0,384.75,4,65,1,72,55,202,227,81,124,660,41,389.0,389.25,389.5,389.75,390.0,390.25,390.5,390.75,391.0,391.25,391.5,27,7,45,86,278,66,1385,58,1101,68,94
1577372161051148913,20191226145601051148913,20191226,387.75,387.5,387.25,387.0,386.75,386.5,386.25,386.0,385.75,385.5,385.25,163,521,285,340,225,179,242,187,109,189,120,388.0,388.25,388.5,388.75,389.0,389.25,389.5,389.75,390.0,390.25,390.5,103,384,253,322,507,307,458,330,335,284,158,1577372161051148913,20191226,387.25,387.0,386.75,386.5,386.25,386.0,385.75,385.5,385.25,385.0,384.75,4,65,1,72,55,202,227,81,124,660,41,389.0,389.25,389.5,389.75,390.0,390.25,390.5,390.75,391.0,391.25,391.5,27,7,45,86,278,66,1385,58,1101,68,94
1577372171739580601,20191226145611739580601,20191226,387.75,387.5,387.25,387.0,386.75,386.5,386.25,386.0,385.75,385.5,385.25,158,521,285,340,225,179,242,187,109,189,120,388.0,388.25,388.5,388.75,389.0,389.25,389.5,389.75,390.0,390.25,390.5,175,375,253,322,507,307,458,330,335,284,158,1577372171739580601,20191226,387.25,387.0,386.75,386.5,386.25,386.0,385.75,385.5,385.25,385.0,384.75,4,65,1,72,55,202,227,81,124,660,41,389.0,389.25,389.5,389.75,390.0,390.25,390.5,390.75,391.0,391.25,391.5,27,7,45,86,278,66,1385,58,1101,68,94
1577372181113409065,20191226145621113409065,20191226,387.75,387.5,387.25,387.0,386.75,386.5,386.25,386.0,385.75,385.5,385.25,158,521,285,340,225,179,242,187,109,189,120,388.0,388.25,388.5,388.75,389.0,389.25,389.5,389.75,390.0,390.25,390.5,177,374,253,323,507,307,458,330,335,284,158,1577372181113409065,20191226,387.25,387.0,386.75,386.5,386.25,386.0,385.75,385.5,385.25,385.0,384.75,4,65,1,72,55,202,227,81,124,660,41,389.0,389.25,389.5,389.75,390.0,390.25,390.5,390.75,391.0,391.25,391.5,27,7,45,86,278,66,1385,58,1101,68,94
1577372191777613163,20191226145631777613163,20191226,387.75,387.5,387.25,387.0,386.75,386.5,386.25,386.0,385.75,385.5,385.25,91,521,285,340,225,179,242,187,109,188,120,388.0,388.25,388.5,388.75,389.0,389.25,389.5,389.75,390.0,390.25,390.5,181,375,253,322,507,307,458,330,335,284,158,1577372191777613163,20191226,387.25,387.0,386.75,386.5,386.25,386.0,385.75,385.5,385.25,385.0,384.75,4,65,1,72,55,202,227,82,124,660,41,389.0,389.25,389.5,389.75,390.0,390.25,390.5,390.75,391.0,391.25,391.5,27,7,45,86,278,66,1385,58,1101,68,94
1577372204642501317,20191226145644642501317,20191226,387.5,387.25,387.0,386.75,386.5,386.25,386.0,385.75,385.5,385.25,385.0,680,287,340,225,179,242,187,109,188,120,220,387.75,388.0,388.25,388.5,388.75,389.0,389.25,389.5,389.75,390.0,390.25,97,360,363,253,322,511,305,462,330,339,284,1577372204642501317,20191226,387.25,387.0,386.75,386.5,386.25,386.0,385.75,385.5,385.25,385.0,384.75,4,65,1,72,55,202,227,82,124,660,41,389.0,389.25,389.5,389.75,390.0,390.25,390.5,390.75,391.0,391.25,391.5,27,7,45,86,278,66,1385,58,1101,68,94
1577372216849317261,20191226145656849317261,20191226,387.5,387.25,387.0,386.75,386.5,386.25,386.0,385.75,385.5,385.25,385.0,696,287,340,225,179,242,187,109,188,120,220,387.75,388.0,388.25,388.5,388.75,389.0,389.25,389.5,389.75,390.0,390.25,113,201,361,252,322,511,305,462,330,339,284,1577372216849317261,20191226,387.25,387.0,386.75,386.5,386.25,386.0,385.75,385.5,385.25,385.0,384.75,4,65,1,72,55,202,227,82,124,660,41,389.0,389.25,389.5,389.75,390.0,390.25,390.5,390.75,391.0,391.25,391.5,27,7,45,86,278,66,1385,58,1101,68,94
1577372221834147609,20191226145701834147609,20191226,387.75,387.5,387.25,387.0,386.75,386.5,386.25,386.0,385.75,385.5,385.25,175,703,287,340,225,179,242,187,109,188,120,388.0,388.25,388.5,388.75,389.0,389.25,389.5,389.75,390.0,390.25,390.5,188,361,252,322,511,305,462,330,339,284,162,1577372221834147609,20191226,387.25,387.0,386.75,386.5,386.25,386.0,385.75,385.5,385.25,385.0,384.75,4,65,1,72,55,202,227,82,124,660,41,389.0,389.25,389.5,389.75,390.0,390.25,390.5,390.75,391.0,391.25,391.5,27,7,45,86,278,66,1385,58,1101,68,94
1577372237397975429,20191226145717397975429,20191226,387.75,387.5,387.25,387.0,386.75,386.5,386.25,386.0,385.75,385.5,385.25,174,531,287,340,225,183,242,191,109,192,120,388.0,388.25,388.5,388.75,389.0,389.25,389.5,389.75,390.0,390.25,390.5,251,362,254,323,512,305,462,330,347,284,162,1577372237397975429,20191226,387.25,387.0,386.75,386.5,386.25,386.0,385.75,385.5,385.25,385.0,384.75,4,65,1,72,55,202,227,82,124,660,41,389.0,389.25,389.5,389.75,390.0,390.25,390.5,390.75,391.0,391.25,391.5,27,7,45,86,278,66,1385,58,1101,68,94
1577372241159303003,20191226145721159303003,20191226,387.75,387.5,387.25,387.0,386.75,386.5,386.25,386.0,385.75,385.5,385.25,183,525,287,340,225,183,242,191,109,192,120,388.0,388.25,388.5,388.75,389.0,389.25,389.5,389.75,390.0,390.25,390.5,249,362,254,324,511,305,462,330,347,284,162,1577372241159303003,20191226,387.25,387.0,386.75,386.5,386.25,386.0,385.75,385.5,385.25,385.0,384.75,4,65,1,72,55,202,227,82,124,660,41,389.0,389.25,389.5,389.75,390.0,390.25,390.5,390.75,391.0,391.25,391.5,27,7,45,86,278,66,1385,58,1101,68,94
1577372259053272129,20191226145739053272129,20191226,388.0,387.75,387.5,387.25,387.0,386.75,386.5,386.25,386.0,385.75,385.5,94,218,452,288,332,213,156,242,191,109,192,388.25,388.5,388.75,389.0,389.25,389.5,389.75,390.0,390.25,390.5,390.75,489,254,324,511,305,462,330,349,284,162,156,1577372259053272129,20191226,387.25,387.0,386.75,386.5,386.25,386.0,385.75,385.5,385.25,385.0,384.75,4,65,1,86,55,202,227,82,124,660,41,389.0,389.25,389.5,389.75,390.0,390.25,390.5,390.75,391.0,391.25,391.5,27,7,45,86,278,66,1385,58,1101,68,94
1577372265119719841,20191226145745119719841,20191226,387.75,387.5,387.25,387.0,386.75,386.5,386.25,386.0,385.75,385.5,385.25,352,453,287,331,213,156,242,191,109,192,120,388.25,388.5,388.75,389.0,389.25,389.5,389.75,390.0,390.25,390.5,390.75,536,244,316,511,305,462,330,352,284,162,156,1577372265119719841,20191226,387.25,387.0,386.75,386.5,386.25,386.0,385.75,385.5,385.25,385.0,384.75,4,65,1,86,55,202,227,82,124,660,41,389.0,389.25,389.5,389.75,390.0,390.25,390.5,390.75,391.0,391.25,391.5,27,7,45,86,278,66,1385,58,1101,68,94
1577372272127265021,20191226145752127265021,20191226,387.75,387.5,387.25,387.0,386.75,386.5,386.25,386.0,385.75,385.5,385.25,351,454,287,331,213,156,242,191,109,192,120,388.25,388.5,388.75,389.0,389.25,389.5,389.75,390.0,390.25,390.5,390.75,367,434,317,511,305,462,330,352,283,162,156,1577372272127265021,20191226,387.25,387.0,386.75,386.5,386.25,386.0,385.75,385.5,385.25,385.0,384.75,4,65,1,86,55,202,227,82,124,660,41,389.0,389.25,389.5,389.75,390.0,390.25,390.5,390.75,391.0,391.25,391.5,29,7,45,86,277,66,1385,58,1101,68,94
1577372280506009705,20191226145800506009705,20191226,387.75,387.5,387.25,387.0,386.75,386.5,386.25,386.0,385.75,385.5,385.25,183,453,292,330,212,156,243,192,109,192,120,388.0,388.25,388.5,388.75,389.0,389.25,389.5,389.75,390.0,390.25,390.5,123,222,444,325,511,305,462,330,352,283,162,1577372280506009705,20191226,387.25,387.0,386.75,386.5,386.25,386.0,385.75,385.5,385.25,385.0,384.75,4,65,1,86,55,202,227,82,124,660,41,389.0,389.25,389.5,389.75,390.0,390.25,390.5,390.75,391.0,391.25,391.5,29,7,45,86,277,66,1385,58,1101,68,94
1577372299435298629,20191226145819435298629,20191226,387.75,387.5,387.25,387.0,386.75,386.5,386.25,386.0,385.75,385.5,385.25,193,453,299,331,212,156,243,192,109,192,120,388.0,388.25,388.5,388.75,389.0,389.25,389.5,389.75,390.0,390.25,390.5,74,222,443,324,515,305,462,330,352,283,162,1577372299435298629,20191226,387.25,387.0,386.75,386.5,386.25,386.0,385.75,385.5,385.25,385.0,384.75,4,65,1,86,55,202,227,82,124,660,41,389.0,389.25,389.5,389.75,390.0,390.25,390.5,390.75,391.0,391.25,391.5,29,7,45,86,277,66,1385,58,1101,68,94
1577372307504624457,20191226145827504624457,20191226,388.0,387.75,387.5,387.25,387.0,386.75,386.5,386.25,386.0,385.75,385.5,138,376,463,299,331,212,156,243,192,109,192,388.25,388.5,388.75,389.0,389.25,389.5,389.75,390.0,390.25,390.5,390.75,149,432,315,515,305,462,330,352,283,162,156,1577372307504624457,20191226,387.25,387.0,386.75,386.5,386.25,386.0,385.75,385.5,385.25,385.0,384.75,4,65,1,86,55,202,227,82,124,660,41,389.0,389.25,389.5,389.75,390.0,390.25,390.5,390.75,391.0,391.25,391.5,29,7,45,86,277,66,1385,58,1101,68,94
1577372312428827129,20191226145832428827129,20191226,388.0,387.75,387.5,387.25,387.0,386.75,386.5,386.25,386.0,385.75,385.5,61,228,462,299,331,212,156,243,192,109,192,388.25,388.5,388.75,389.0,389.25,389.5,389.75,390.0,390.25,390.5,390.75,299,432,315,515,305,462,330,352,283,162,156,1577372312428827129,20191226,387.25,387.0,386.75,386.5,386.25,386.0,385.75,385.5,385.25,385.0,384.75,4,65,1,86,55,202,227,82,124,660,41,389.0,389.25,389.5,389.75,390.0,390.25,390.5,390.75,391.0,391.25,391.5,29,7,45,86,277,66,1385,58,1101,68,94
1577372326311323673,20191226145846311323673,20191226,387.75,387.5,387.25,387.0,386.75,386.5,386.25,386.0,385.75,385.5,385.25,291,459,299,331,212,156,243,192,109,192,120,388.0,388.25,388.5,388.75,389.0,389.25,389.5,389.75,390.0,390.25,390.5,41,188,444,305,515,305,462,325,347,283,162,1577372326311323673,20191226,387.25,387.0,386.75,386.5,386.25,386.0,385.75,385.5,385.25,385.0,384.75,4,65,1,86,55,202,227,82,124,660,41,389.0,389.25,389.5,389.75,390.0,390.25,390.5,390.75,391.0,391.25,391.5,29,7,45,86,277,66,1385,58,1101,68,94
1577372331486461743,20191226145851486461743,20191226,387.75,387.5,387.25,387.0,386.75,386.5,386.25,386.0,385.75,385.5,385.25,359,461,299,331,212,156,243,192,109,192,120,388.0,388.25,388.5,388.75,389.0,389.25,389.5,389.75,390.0,390.25,390.5,39,187,444,324,515,305,462,325,347,283,162,1577372331486461743,20191226,387.25,387.0,386.75,386.5,386.25,386.0,385.75,385.5,385.25,385.0,384.75,4,65,1,86,55,202,227,82,124,660,41,389.0,389.25,389.5,389.75,390.0,390.25,390.5,390.75,391.0,391.25,391.5,29,7,45,86,277,66,1385,58,1101,68,94
1577372343661441803,20191226145903661441803,20191226,387.75,387.5,387.25,387.0,386.75,386.5,386.25,386.0,385.75,385.5,385.25,368,462,298,331,212,156,243,192,109,174,120,388.0,388.25,388.5,388.75,389.0,389.25,389.5,389.75,390.0,390.25,390.5,15,235,442,324,515,305,462,325,347,283,162,1577372343661441803,20191226,387.25,387.0,386.75,386.5,386.25,386.0,385.75,385.5,385.25,385.0,384.75,4,65,1,86,55,202,227,100,124,660,41,389.0,389.25,389.5,389.75,390.0,390.25,390.5,390.75,391.0,391.25,391.5,29,7,45,86,277,66,1385,58,1101,68,94
1577372350456186577,20191226145910456186577,20191226,387.75,387.5,387.25,387.0,386.75,386.5,386.25,386.0,385.75,385.5,385.25,369,469,298,331,212,156,243,192,109,174,120,388.0,388.25,388.5,388.75,389.0,389.25,389.5,389.75,390.0,390.25,390.5,8,237,442,324,515,305,462,325,347,283,162,1577372350456186577,20191226,387.25,387.0,386.75,386.5,386.25,386.0,385.75,385.5,385.25,385.0,384.75,4,65,1,86,55,202,227,100,124,660,41,389.0,389.25,389.5,389.75,390.0,390.25,390.5,390.75,391.0,391.25,391.5,29,7,45,86,277,66,1385,58,1101,68,94
1577372368636791237,20191226145928636791237,20191226,387.75,387.5,387.25,387.0,386.75,386.5,386.25,386.0,385.75,385.5,385.25,370,469,298,340,212,156,243,192,109,174,120,388.0,388.25,388.5,388.75,389.0,389.25,389.5,389.75,390.0,390.25,390.5,23,235,442,324,515,305,462,325,347,283,162,1577372368636791237,20191226,387.25,387.0,386.75,386.5,386.25,386.0,385.75,385.5,385.25,385.0,384.75,4,65,1,86,55,202,227,100,124,660,41,389.0,389.25,389.5,389.75,390.0,390.25,390.5,390.75,391.0,391.25,391.5,29,7,45,86,277,66,1385,58,1101,68,94
1577372379311181075,20191226145939311181075,20191226,388.0,387.75,387.5,387.25,387.0,386.75,386.5,386.25,386.0,385.75,385.5,113,383,474,298,340,212,156,243,192,109,174,388.25,388.5,388.75,389.0,389.25,389.5,389.75,390.0,390.25,390.5,390.75,351,442,324,515,305,462,325,347,283,162,156,1577372379311181075,20191226,387.25,387.0,386.75,386.5,386.25,386.0,385.75,385.5,385.25,385.0,384.75,4,65,1,86,55,202,227,100,124,660,41,389.0,389.25,389.5,389.75,390.0,390.25,390.5,390.75,391.0,391.25,391.5,29,7,45,86,277,66,1385,58,1101,68,94
1577372384845737957,20191226145944845737957,20191226,388.0,387.75,387.5,387.25,387.0,386.75,386.5,386.25,386.0,385.75,385.5,108,228,473,298,340,212,156,243,192,109,174,388.25,388.5,388.75,389.0,389.25,389.5,389.75,390.0,390.25,390.5,390.75,158,432,315,516,305,462,325,347,283,162,156,1577372384845737957,20191226,387.25,387.0,386.75,386.5,386.25,386.0,385.75,385.5,385.25,385.0,384.75,4,65,1,86,55,202,227,100,124,660,41,389.0,389.25,389.5,389.75,390.0,390.25,390.5,390.75,391.0,391.25,391.5,29,7,45,86,277,66,1385,58,1101,68,94
1577372399417522625,20191226145959417522625,20191226,388.0,387.75,387.5,387.25,387.0,386.75,386.5,386.25,386.0,385.75,385.5,107,232,474,298,340,212,156,243,192,109,174,388.25,388.5,388.75,389.0,389.25,389.5,389.75,390.0,390.25,390.5,390.75,152,434,315,515,305,462,325,347,283,162,156,1577372399417522625,20191226,387.25,387.0,386.75,386.5,386.25,386.0,385.75,385.5,385.25,385.0,384.75,4,65,1,86,55,202,227,100,124,660,41,389.0,389.25,389.5,389.75,390.0,390.25,390.5,390.75,391.0,391.25,391.5,29,7,45,86,277,66,1385,58,1101,68,94
1577372407945843675,20191226150007945843675,20191226,388.0,387.75,387.5,387.25,387.0,386.75,386.5,386.25,386.0,385.75,385.5,117,236,469,299,342,212,156,243,192,109,174,388.25,388.5,388.75,389.0,389.25,389.5,389.75,390.0,390.25,390.5,390.75,156,438,311,510,305,462,325,347,283,162,156,1577372407945843675,20191226,387.25,387.0,386.75,386.5,386.25,386.0,385.75,385.5,385.25,385.0,384.75,4,65,1,86,55,202,227,100,124,660,41,389.0,389.25,389.5,389.75,390.0,390.25,390.5,390.75,391.0,391.25,391.5,29,7,45,86,277,66,1385,58,1101,68,94
1577372414909959651,20191226150014909959651,20191226,388.0,387.75,387.5,387.25,387.0,386.75,386.5,386.25,386.0,385.75,385.5,109,236,469,299,342,212,156,243,192,109,174,388.25,388.5,388.75,389.0,389.25,389.5,389.75,390.0,390.25,390.5,390.75,229,438,311,510,305,462,325,347,283,162,156,1577372414909959651,20191226,387.25,387.0,386.75,386.5,386.25,386.0,385.75,385.5,385.25,385.0,384.75,4,65,1,86,55,202,227,100,124,660,41,389.0,389.25,389.5,389.75,390.0,390.25,390.5,390.75,391.0,391.25,391.5,29,7,45,86,277,66,1385,58,1101,68,94
1577372426260312267,20191226150026260312267,20191226,388.0,387.75,387.5,387.25,387.0,386.75,386.5,386.25,386.0,385.75,385.5,66,236,474,299,342,212,156,243,192,109,174,388.25,388.5,388.75,389.0,389.25,389.5,389.75,390.0,390.25,390.5,390.75,376,438,311,510,305,462,325,347,283,162,156,1577372426260312267,20191226,387.25,387.0,386.75,386.5,386.25,386.0,385.75,385.5,385.25,385.0,384.75,4,65,1,86,55,202,227,100,124,660,41,389.0,389.25,389.5,389.75,390.0,390.25,390.5,390.75,391.0,391.25,391.5,29,7,45,86,277,66,1385,58,1101,68,94
1577372432238077029,20191226150032238077029,20191226,388.0,387.75,387.5,387.25,387.0,386.75,386.5,386.25,386.0,385.75,385.5,161,235,476,299,342,212,156,243,192,109,174,388.25,388.5,388.75,389.0,389.25,389.5,389.75,390.0,390.25,390.5,390.75,27,632,312,511,305,462,325,347,283,162,156,1577372432238077029,20191226,387.25,387.0,386.75,386.5,386.25,386.0,385.75,385.5,385.25,385.0,384.75,4,65,1,86,55,202,227,100,124,660,41,389.0,389.25,389.5,389.75,390.0,390.25,390.5,390.75,391.0,391.25,391.5,29,7,45,86,277,66,1385,58,1101,68,94
1577372443879390397,20191226150043879390397,20191226,388.0,387.75,387.5,387.25,387.0,386.75,386.5,386.25,386.0,385.75,385.5,150,240,481,299,342,212,156,243,192,109,174,388.25,388.5,388.75,389.0,389.25,389.5,389.75,390.0,390.25,390.5,390.75,90,485,312,510,306,432,295,347,283,132,156,1577372443879390397,20191226,387.25,387.0,386.75,386.5,386.25,386.0,385.75,385.5,385.25,385.0,384.75,4,65,1,86,55,202,227,100,124,660,41,389.0,389.25,389.5,389.75,390.0,390.25,390.5,390.75,391.0,391.25,391.5,29,7,45,86,277,66,1385,58,1101,68,94
1577372456732802943,20191226150056732802943,20191226,388.0,387.75,387.5,387.25,387.0,386.75,386.5,386.25,386.0,385.75,385.5,170,242,481,299,342,212,156,243,192,109,174,388.25,388.5,388.75,389.0,389.25,389.5,389.75,390.0,390.25,390.5,390.75,93,484,311,511,306,432,295,347,283,132,156,1577372456732802943,20191226,387.25,387.0,386.75,386.5,386.25,386.0,385.75,385.5,385.25,385.0,384.75,4,65,1,86,55,202,227,100,124,660,41,389.0,389.25,389.5,389.75,390.0,390.25,390.5,390.75,391.0,391.25,391.5,29,7,45,86,277,66,1385,58,1101,68,94
1577372463215681017,20191226150103215681017,20191226,388.0,387.75,387.5,387.25,387.0,386.75,386.5,386.25,386.0,385.75,385.5,162,242,491,299,352,212,156,243,192,109,174,388.25,388.5,388.75,389.0,389.25,389.5,389.75,390.0,390.25,390.5,390.75,166,485,311,510,306,432,295,347,283,132,156,1577372463215681017,20191226,387.25,387.0,386.75,386.5,386.25,386.0,385.75,385.5,385.25,385.0,384.75,4,65,1,86,55,202,227,100,124,660,41,389.0,389.25,389.5,389.75,390.0,390.25,390.5,390.75,391.0,391.25,391.5,29,7,45,86,277,66,1385,58,1101,68,94
1577372477537059345,20191226150117537059345,20191226,388.0,387.75,387.5,387.25,387.0,386.75,386.5,386.25,386.0,385.75,385.5,155,243,500,309,362,222,166,253,202,119,184,388.25,388.5,388.75,389.0,389.25,389.5,389.75,390.0,390.25,390.5,390.75,166,485,321,520,316,442,305,358,293,142,166,1577372477537059345,20191226,387.25,387.0,386.75,386.5,386.25,386.0,385.75,385.5,385.25,385.0,384.75,4,65,1,86,55,202,227,100,124,660,41,389.0,389.25,389.5,389.75,390.0,390.25,390.5,390.75,391.0,391.25,391.5,29,7,45,86,277,66,1385,58,1101,68,94
